3236 5056
882 315 925 383 44

799 407 1008 420 -ιο--ι-ι--ι--ι

455 615 722 702 Cyprianus
1110 615 1318 699 Vulgata

307 863 436 910 novem
464 846 573 927 iustiS,
611 847 761 928 quibus
790 866 878 911 uon
932 846 1076 928 quinon
1096 845 1254 927 indigent
1271 844 1503 926 poenitentia.

308 953 372 1014 est
395 969 496 1032 opus
519 950 746 1032 poenitentia.
764 950 791 1036 1)

487 1072 572 1156 Cap.
598 1073 691 1141 XVI.

374 1196 408 1242 v.
433 1176 464 1244 8.
499 1177 561 1241 filii
598 1177 732 1241 saeculi
776 1177 878 1240 huius
931 1175 994 1239 filii
1015 1175 1116 1240 huius
1145 1173 1279 1240 saeculi
1301 1172 1504 1257 prudentio-

308 1280 556 1364 prudentiores
569 1284 649 1345 sunt
659 1280 737 1344 filiis
747 1279 878 1366 lucis.²)
975 1299 1032 1345 res
1055 1280 1134 1344 filiis
1157 1280 1181 1346 l.
1213 1278 1249 1344 iu
1272 1277 1505 1360 generatione

975 1403 1039 1449 sua
1062 1389 1152 1449 sunt.

376 1509 411 1556 v.
426 1489 476 1554 11.
502 1488 559 1553 si*
580 1489 616 1553 in
635 1489 787 1554 iniusto
807 1508 877 1554 ma·
932 1490 948 1524 *
972 1507 1056 1572 ergo
1079 1489 1115 1552 iu
1138 1488 1256 1570 iniquo

309 1611 415 1658 mona
425 1594 546 1658 fideles
556 1613 626 1658 non
636 1594 877 1676 fuistiS‚quod
932 1593 1023 1675 quod
1047 1610 1172 1656 verum
1195 1596 1249 1656 est

310 1701 372 1762 est
382 1715 517 1780 verum,
528 1699 605 1780 quis
617 1699 739 1763 credet
753 1699 876 1763 uobis?

373 1799 424 1866 12.
449 1805 485 1866 et
507 1802 536 1866 si
559 1802 594 1865 in
617 1803 732 1867 alieno
755 1805 877 1868 fideles

306 1924 377 1968 non
399 1905 513 1968 fuistis
524 1905 552 1984 ³²,
574 1911 733 1970 vestrum
747 1907 785 1946 *²¹²
800 1907 877 1990 quis
930 1905 947 1941 *¹
970 1905 1062 1987 quod
1153 1901 1191 1940 *1⁴
1217 1905 1270 1966 est

309 2010 408 2073 dabit
430 2010 557 2074 vobis?
571 2009 599 2097 ³)

372 2115 481 2180 v.14.
520 2116 713 2180 audiebant
758 2120 877 2180 autem

309 2216 414 2281 haee
437 2218 574 2281 omnia
596 2218 794 2300 Pharisaei,
818 2219 877 2302 qui
931 2216 1049 2280 omnia
1072 2217 1163 2281 haee

313 2328 416 2387 erant
440 2324 723 2406 cupidissimi,
758 2329 799 2390 et
826 2325 876 2388 ir·
931 2321 1043 2402 avari,
1068 2326 1103 2386 et
1126 2319 1335 2385 deridebant
1357 2316 1464 2380 illum.

307 2428 512 2494 ridebant.
530 2427 558 2514 4)

372 2533 471 2599 v.1b.
494 2552 559 2598 vos
582 2534 676 2615 estis,
700 2531 759 2616 qui
781 2531 874 2595 iusti-

308 2638 423 2702 ficatis
458 2658 523 2703 uos
561 2640 602 2703 in
643 2639 878 2718 conspeetu
932 2651 1053 2698 eoram
1076 2633 1274 2698 hominibus

307 2740 496 2805 hominum.
542 2742 638 2806 Deus
671 2745 790 2806 autem
820 2741 877 2804 di·
930 2740 1030 2804 novit
1600 2799 1601 2812 p

307 2845 444 2907 noscit
478 2845 586 2908 eorda
609 2849 742 2926 vertra,
771 2865 877 2928 quo·
931 2844 1094 2927 qnoniam
1120 2841 1428 2924 quodhominibus
1452 2840 1500 2903 al·

308 2947 417 3012 niam
447 2949 539 3031 quod
563 2950 742 3013 excelsum
766 2950 876 3013 estin
974 2953 1047 3012 tum
1089 2951 1156 3025 est,
1194 2945 1409 3011 abominatio
1448 2949 1501 3008 est

307 3051 514 3133 hominibus
529 3053 750 3117 execratio
770 3057 823 3116 est
841 3053 877 3115 in
974 3059 1057 3118 ante
1081 3052 1204 3116 Deum.
1600 3055 1601 3062 ’

308 3162 500 3239 conspeetu
523 3157 598 3224 Dei.
616 3156 645 3239 ⁵)

373 3279 406 3328 v.
431 3260 482 3328 25.
517 3262 876 3342 Commemorare,
930 3263 1130 3340 recordare,
1154 3260 1236 3342 quia
1259 3257 1425 3340 recepisti

308 3364 503 3446 quoniam
527 3366 758 3448 percepisti
785 3365 877 3428 bona

309 3467 344 3531 in
359 3467 519 3550 vitatae,
536 3470 720 3535 Lazarus
740 3473 877 3533 autem
930 3475 966 3536 et
989 3469 1145 3533 Lazarus
1169 3467 1330 3532 similiter

308 3573 414 3637 mala.
448 3592 542 3638 nuno
556 3574 572 3612 ’¹‘
586 3575 645 3638 hio
665 3574 876 3654 consolatur,
932 3575 949 3614 i‘
975 3578 1093 3639 autem

308 3682 346 3741 tu
369 3682 523 3743 autem
548 3679 729 3743 oruoiaris.
745 3679 773 3765 ⁶)
930 3696 1016 3743 vero

481 3797 566 3881 Cap.
590 3797 703 3864 XVII.

374 3921 408 3965 u.
420 3899 451 3967 7.
470 3905 567 3984 quis*
579 3903 877 3969 uestrumhabens
931 3908 1049 3969 autem

309 4024 450 4071 seruum
485 4013 646 4074 arantem
678 4013 739 4072 aut
772 4025 877 4090 pas·
915 4014 1147 4093 pascentem,
1180 4009 1239 4090 qui
1271 4024 1432 4090 regrosso
1456 4005 1498 4069 de
1600 4071 1601 4088 2

309 4116 442 4176 torem
476 4113 664 4177 venienti
696 4113 744 4177 de
777 4131 877 4195 agro
975 4131 1063 4196 agro
1086 4112 1182 4176 dieat
1204 4112 1270 4180 illi:
1292 4111 1413 4175 statim
1600 4093 1601 4110 ³

310 4217 448 4284 dicit:
489 4219 714 4282 continuo
755 4217 877 4297 transi,

309 4323 501 4386 recumbe?

414 4463 433 4529 ¹)
452 4463 513 4530 640,
530 4479 547 4530 4
566 4477 612 4530 er·
631 4474 674 4528 55,
693 4475 733 4511 22·
763 4488 796 4496 -
825 4461 845 4526 ²)
866 4475 960 4528 79a2
983 4475 1028 4530 eo·
1048 4476 1090 4530 73,
1115 4476 1155 4529 19·
1179 4487 1218 4522 .-·
1245 4459 1265 4525 ³)
1283 4459 1343 4527 380,
1361 4473 1378 4524 4
1398 4455 1435 4509 de
1453 4472 1496 4525 01>-

310 4547 364 4602 ele.
381 4549 407 4602 8.
417 4576 451 4586 -
461 4549 481 4616 ⁴)
491 4549 552 4618 383,
570 4547 615 4601 21.
625 4563 663 4601 m.
674 4563 697 4600 c.
712 4562 752 4600 12.
762 4575 794 4584 -
808 4549 829 4616 ³)
840 4547 899 4617 748,
920 4562 933 4600 1
954 4564 1000 4618 ep.
1018 4548 1062 4616 68,
1079 4566 1104 4618 4.
1114 4576 1148 4586 -
1158 4548 1178 4616 ⁸)
1193 4544 1392 4616 165,9testim.
1402 4542 1448 4611 111,
1456 4543 1495 4597 61.
1600 4565 1601 4636 j
