3198 5048
292 670 564 756 Cyprianus
744 618 746 639 Ι
954 667 1167 752 Vulgata

147 903 316 982 quattuor
351 899 498 981 angelos
537 899 719 980 ligatos
773 897 833 978 qui
855 897 992 990 alligati
1025 901 1106 961 sunt
1134 897 1170 962 in
1201 898 1344 963 flumine

147 1021 255 1086 super
294 1004 425 1067 flumen
462 1021 630 1085 magnum
652 1003 720 1067 Eu·
817 1019 947 1084 magno
970 1001 1161 1085 Euphrate.

148 1107 325 1191 phratem.

216 1211 267 1276 15.
290 1215 326 1275 61
338 1211 443 1275 soluti
457 1216 539 1276 sunt
556 1216 722 1294 quattuor

148 1315 280 1398 angeli,
292 1315 352 1397 qui
375 1321 498 1380 erant
520 1316 662 1399 parati
685 1316 721 1379 in
774 1315 891 1396 parati
915 1319 1018 1379 erant

149 1419 276 1483 horam
308 1423 345 1483 61
379 1418 472 1483 diem
496 1423 532 1483 et
564 1437 721 1484 mensem

150 1527 187 1586 et
210 1540 352 1603 annum,
376 1525 414 1586 ut
432 1522 637 1587 occiderent
655 1529 723 1587 ter-

150 1627 238 1691 tiam
260 1631 400 1709 partem
422 1627 612 1694 hominurn.

220 1731 269 1797 16.
316 1735 353 1795 61
392 1749 559 1795 numerus
603 1749 722 1796 exer·
776 1727 941 1828 Singular

153 1834 311 1898 eituum
348 1835 604 1916 equestrium
642 1835 722 1898 dis·
777 1835 888 1900 vicies
910 1836 1038 1900 millies
1061 1837 1153 1900 dena
1176 1837 1287 1902 millia

153 1939 351 2004 m1r1ades
374 1939 608 2020 myriadon
635 1939 724 2003 *au-
779 1939 857 2004 *et

155 2044 229 2107 divi
251 2061 435 2108 numerum
458 2061 589 2109 eorum

222 2147 272 2213 17.
311 2152 346 2212 et
369 2147 437 2212 sio
459 2148 533 2212 vidi
557 2166 665 2230 equos
688 2148 725 2212 in
778 2146 829 2210 ita

155 2251 258 2331 visu,
274 2256 310 2316 et
325 2250 522 2314 sedentes
539 2269 645 2334 super
655 2269 725 2333 eos,
779 2251 914 2315 visione
1003 2253 1061 2334 qui
1085 2253 1258 2319 sedebant

155 2356 361 2420 habentes
389 2355 519 2419 loricas
543 2357 666 2438 igneas
691 2364 726 2420 et
778 2356 962 2420 habebant

155 2459 406 2540 hyacinthinas
444 2464 480 2523 et
507 2460 725 2543 sulphureas
752 2502 754 2531 ,

157 2569 193 2629 et
247 2564 367 2647 capita
425 2579 593 2646 equorum
633 2565 649 2603 ³¹
692 2574 727 2629 et
781 2564 926 2627 *erant
947 2566 1127 2644 tamquam
1150 2565 1271 2649 capita
1284 2566 1352 2629 leo-

157 2688 212 2733 ex
240 2688 300 2733 ore
332 2687 452 2734 eorum
493 2670 597 2734 exiit
637 2669 755 2751 ignis‡
824 2688 907 2733 num
995 2669 1040 2732 de
1127 2671 1288 2752 procedit

158 2781 194 2840 et
215 2776 329 2839 fumus
352 2780 387 2839 61
410 2775 566 2858 sulphur.

223 2898 308 2964 18.*
331 2918 353 2962 6
369 2899 480 2963 tribus
498 2899 614 2982 plagis
630 2899 729 2962 istis
754 2930 756 2965 r
784 2895 801 2933 *
826 2899 862 2959 61
956 2894 1020 2977 hia,
1044 2895 1131 2960 aber
1154 2913 1219 2960 vor
1241 2896 1352 2961 tribus

158 3005 277 3068 occisa
300 3011 354 3069 est
376 3005 482 3069 tertia
505 3022 589 3087 pars
620 3002 729 3066 homi·
755 2970 758 3109 1

159 3128 242 3173 num
276 3128 326 3174 ex
358 3111 439 3192 igne
471 3104 828 3193 61*161116611(16
918 3104 1004 3170 *de

159 3215 336 3297 sulphure,
351 3215 458 3296 quod
481 3214 585 3278 exiit
607 3213 651 3276 de
670 3229 731 3275 ore
756 3196 759 3295 1
784 3227 875 3290 quae
899 3209 1141 3292 procedebant

160 3336 309 3386 eorum.
784 3314 940 3397 ipsorum

226 3423 277 3491 19.
316 3442 408 3487 nam
455 3425 520 3490 vis
563 3440 732 3506 equorum
757 3444 759 3575 1
784 3423 846 3501 po
847 3437 885 3483 es
887 3423 942 3482 as
887 3417 1059 3482 tenim

160 3527 196 3590 in
219 3545 280 3592 ore
303 3546 423 3592 eorum
447 3533 510 3609 est,
534 3528 600 3592 et
592 3547 627 3590 1n
652 3545 732 3590 oau-

161 3584 912 3710 (11666111111,*666(16661111111*66111

161 3753 281 3800 eorum
334 3737 465 3800 similes
509 3737 730 3817 anguibus,
758 3716 760 3867 1
785 3733 929 3813 serpent
915 3729 1007 3794 tibus

162 3841 334 3906 habentes
357 3843 487 3925 capita,
524 3848 559 3906 et
589 3841 625 3904 in
664 3840 732 3903 eis
758 3810 840 3900 his

161 3952 301 4011 nocent

227 4049 338 4117 20.t
303 4070 322 4117 6
324 4050 508 4133 treliqui
531 4049 732 4130 hominum,
788 4044 898 4109 ceteri
921 4041 1081 4106 homines

162 4155 314 4238 quinon
337 4159 418 4219 sunt
441 4154 549 4218 oeoisi
577 4153 613 4216 in
640 4153 734 4217 istis
787 4148 841 4213 his

163 4259 640 4346 plagis,necpaenitentiam
657 4276 734 4340 ege·
787 4270 902 4336 neque

163 4371 246 4431 runt
268 4383 395 4450 opera
426 4365 632 4429 factorum
664 4381 736 4427 ma·
789 4362 833 4426 de
856 4357 1021 4440 operibus

163 4491 270 4537 nuum
294 4485 447 4550 suarum,
479 4473 517 4532 ut
548 4486 618 4531 non
642 4468 735 4532 ado·
790 4465 981 4529 adorarent

164 4582 258 4641 rent
280 4574 468 4641 daemonia
491 4577 526 4638 61
549 4571 672 4654 idola,
696 4571 736 4636 id
790 4569 984 4634 idola-est
1006 4565 1096 4632 fehlt
