3236 5056
256 686 526 772 Cyprianus
918 686 1125 770 Vulgata

640 837 862 844 --.—-...—--

101 915 231 979 zareni
254 933 359 998 surge
382 920 419 980 et
447 916 602 982 ambulo.
647 920 683 981 et

102 1019 334 1102 adprehensa
348 1038 456 1085 monu
468 1021 542 1086 eius
555 1020 683 1086 dextra

102 1123 331 1188 elevavit
354 1142 446 1190 eum.
462 1123 489 1210 ¹)
735 1122 909 1188 allevavit
932 1109 1024 1191 eum.

309 1241 394 1329 Oap.
417 1244 476 1308 IV.

174 1365 199 1410 v
232 1347 262 1414 8.
295 1347 478 1431 Principes
501 1349 621 1433 populi
645 1351 680 1413 et

104 1451 266 1515 seniores
290 1451 509 1533 Israel‚*
734 1450 845 1515 lsrael
868 1450 957 1516 fehlt
1062 1451 1238 1518 *nuditet

174 1554 205 1621 9.
244 1573 330 1620 eece
362 1575 426 1622 nos
449 1557 553 1621 hodie
576 1557 681 1621 inter·
734 1555 849 1619 sinos
880 1555 984 1620 hodie
1008 1555 1242 1620 diiudioamur
1269 1556 1304 1620 in

106 1674 277 1738 rogamur
300 1677 322 1722 a
340 1660 442 1724 vobis
456 1679 563 1744 super
576 1662 680 1728 bene·
778 1659 894 1726 benef.

105 1763 204 1826 sueto
227 1763 377 1828 hominis
400 1763 538 1848 infirmi,
562 1767 597 1830 in
612 1784 680 1848 quo

106 1867 175 1930 iste
199 1867 520 1952 salvatusest,
734 1867 855 1932 solvus
886 1868 1001 1932 factus
1032 1871 1096 1948 est,

175 1970 227 2036 10.
271 1971 317 2036 sit
364 1973 465 2038 vobis
520 1973 681 2038 omnibus
733 1975 853 2036 notum
877 1971 922 2034 sit
945 1970 1105 2036 omnibus
1137 1969 1238 2036 vobis
1269 1975 1305 2036 et

106 2080 230 2138 notum
240 2082 274 2140 et
289 2077 680 2161 omnipopulolsrael,
777 2077 871 2142 omni
893 2076 990 2161 plebi
1011 2077 1123 2142 Israel

107 2178 192 2261 quie
213 2179 250 2243 in
273 2179 541 2245 nominerJesu
553 2180 681 2248 Christi
737 2181 753 2216 *
777 2180 919 2244 Domini
942 2179 1054 2246 nostri

108 2281 303 2366 Nazureni,
335 2303 439 2367 quem
471 2304 536 2350 vos
570 2287 709 2358 ornei-l

106 2386 245 2467 fixistis
263 2406 367 2470 quem
383 2388 479 2454 Deus
495 2390 681 2456 suscitavit

105 2509 129 2554 a
165 2493 331 2573 mortuis,
365 2493 401 2558 in
436 2494 522 2558 illo
545 2495 612 2560 iste
635 2495 678 2559 in
734 2491 802 2555 hoo

106 2600 337 2678 conspeetu
392 2602 515 2662 vesto
571 2615 679 2663 sanus
734 2599 830 2660 astat
853 2611 974 2659 coram
997 2594 1099 2659 vobis
1122 2612 1229 2658 senus

106 2700 678 2782 adstatinalioautemnullo.
732 2701 820 2766 fehlt

176 2807 227 2872 11.
250 2806 309 2871 hio
324 2811 378 2871 est
390 2807 491 2890 lapis
509 2807 568 2890 qui
586 2827 679 2872 oon·
734 2807 944 2890 reprobatus

106 2913 291 2991 temptus
315 2915 413 2975 esta
453 2912 564 2994 vobio,
603 2913 680 2995 qui

106 3012 417 3095 aedificabitis,
464 3016 523 3097 qui
563 3018 679 3083 factus
733 3015 1004 3080 aedificantibus

106 3119 163 3180 θεῖ
186 3116 222 3180 in
245 3121 353 3200 oaput
376 3119 507 3200 anguli.
640 3127 642 3132 ’

176 3219 226 3288 12.
250 3241 321 3286 non
344 3226 398 3288 est
421 3223 529 3288 enirn
551 3242 679 3289 nornen
733 3230 767 3289 et
790 3241 861 3287 non
884 3225 937 3286 θεῖ
955 3221 991 3286 in
1013 3221 1083 3285 alio
1109 3221 1226 3304 aliquo
1241 3239 1299 3285 sa-

107 3324 206 3390 aliud
229 3327 293 3391 sub
317 3329 417 3393 caelo
435 3329 555 3392 datum
571 3329 678 3393 homi·
738 3327 741 3332 ’
775 3329 839 3392 lus.
863 3344 931 3391 neo
954 3325 1047 3391 enirn
1062 3325 1158 3389 eliud
1174 3344 1300 3389 nomen

106 3429 222 3512 nibus,
235 3430 349 3515 inquo
365 3437 526 3516 oportet
544 3433 679 3498 salvari
776 3438 830 3498 θεῖ
850 3432 914 3496 sub
925 3480 952 3496 ..
976 3435 1138 3514 oporteat
1154 3449 1218 3496 nos
1236 3431 1302 3495 sal-

106 3552 183 3600 nos.
197 3533 222 3614 2)
774 3555 839 3600 vos
862 3536 949 3600 fieri.

176 3655 209 3701 u.
226 3636 278 3702 32.
297 3639 402 3702 turba
415 3645 533 3706 autern
548 3659 678 3725 eorum,
732 3640 964 3705 multitudinis
1004 3642 1122 3704 autern
1159 3640 1304 3704 ereden-

107 3739 169 3823 qui
203 3741 439 3824 crediderant,
484 3745 603 3809 animo
644 3751 680 3811 et
776 3744 863 3808 tium
907 3746 984 3807 erat
1020 3760 1083 3808 oor
1121 3760 1227 3807 unum
1269 3751 1304 3807 et

108 3851 228 3911 mente
250 3865 322 3911 una
336 3848 501 3931 agebant,
524 3867 592 3914 neo
614 3850 680 3914 fuit
776 3849 998 3926 animantia,
1027 3863 1095 3912 nee
1118 3846 1303 3928 quisquam

108 3949 679 4032 interillosdiserirnen,ullumneo
777 3969 908 4031 eorum,
921 3967 1012 4031 quae
1021 3950 1302 4034 possidebatali-

109 4055 299 4138 quiequam
335 4074 435 4120 suum
472 4057 679 4121 iudicabant
776 4055 860 4138 quid
899 4073 1000 4119 suurn
1040 4073 1117 4120 esse
1151 4058 1302 4138 dicebat,

110 4179 156 4224 ex
179 4161 290 4241 bonis,
306 4179 397 4244 quae
416 4161 466 4226 eis
481 4165 593 4242 oront,
616 4161 679 4226 sed
776 4161 839 4226 sed
862 4171 965 4227 erant
987 4162 1057 4228 illis
1076 4161 1193 4226 omnia
1212 4177 1303 4223 oom-

109 4265 252 4330 iuerunt
274 4266 391 4330 omnia
415 4265 652 4347 communia.³)
776 4265 906 4336 munia,

217 4407 236 4474 ¹)
258 4407 315 4476 165,
335 4421 376 4472 11,
394 4412 458 4459 test.
478 4404 525 4473 llI,
542 4406 584 4458 61.
613 4433 647 4441 -
670 4406 690 4473 ¹)
709 4406 752 4473 82,
770 4421 806 4475 23
823 4413 887 4460 test.
907 4403 939 4473 ΙΙ,
959 4407 998 4458 16.
1026 4433 1059 4444 -—
1086 4405 1106 4471 ⁸)
1128 4403 1186 4470 116,
1203 4421 1221 4474 9
1239 4411 1302 4458 test.

111 4493 155 4564 111,
174 4510 206 4564 33
224 4493 335 4548 ebenso
353 4510 413 4562 232,
431 4493 495 4563 5de
506 4492 610 4548 cathol.
631 4493 699 4548 eccl.
719 4491 775 4546 uni.
785 4508 820 4562 25
839 4510 864 4546 u.
883 4510 944 4563 497,
965 4509 996 4562 17
1006 4491 1083 4563 epist
1095 4508 1135 4560 11,
1153 4509 1170 4562 3
1188 4491 1233 4546 bis
1246 4508 1303 4546 una

109 4581 247 4652 agebant,
266 4581 406 4636 wirhrcnd
425 4597 485 4651 393,
506 4581 539 4635 18
556 4580 594 4634 de
613 4595 659 4649 op.
679 4588 710 4634 et
726 4579 779 4633 ele.
797 4595 832 4650 ²5
851 4579 898 4654 die
916 4597 1010 4650 ganze
1029 4580 1121 4636 Stelle
1140 4579 1210 4649 gibt.
1309 4625 1311 4630 ,

1184 4689 1200 4738 5
