3236 5056
447 634 719 722 Cyprianus
901 654 903 774 J
1083 637 1318 755 ⁸Vulgata

303 775 539 782 ——---·—---—-
546 776 552 780 -
862 777 888 781 --
916 777 921 780 .
928 777 1057 782 ,ᾐ-

369 882 403 927 v.
428 864 478 928 15.
513 864 667 928 surrexit
689 862 814 929 Petrus
837 865 873 928 in
927 864 963 928 iu
976 865 1098 931 diebus
1108 866 1177 932 iliis
1189 882 1365 948 exurgens
1374 863 1502 928 Petrus

304 969 420 1034 medio
435 968 655 1050 discentium,
674 969 739 1034 fuit
755 974 873 1034 autem
971 969 1007 1031 in
1017 970 1132 1034 medio
1142 969 1292 1034 fratrum
1302 967 1391 1034 dixit
1406 971 1501 1050 (erat

305 1075 410 1139 turba
432 1074 468 1138 in
491 1092 571 1138 unc.
590 1072 613 1153 l)
936 1111 939 1117 ·
972 1077 1090 1138 autem
1118 1073 1224 1140 turba
1255 1072 1434 1136 hominum
1457 1071 1503 1134 si-

514 1228 599 1312 Oap·
620 1229 666 1294 H·
971 1178 1044 1242 mul
1075 1178 1151 1242 fere
1178 1180 1320 1242 centum
1344 1175 1502 1259 viginti).

371 1368 403 1414 v.
416 1347 446 1414 2.
471 1355 507 1414 et
521 1350 637 1414 factus
660 1354 713 1414 est
736 1349 874 1419 subito
930 1349 990 1420 ef
1010 1369 1037 1416 e.
1052 1354 1199 1432 repente
1223 1398 1230 1414 .
1256 1399 1263 1414 .
1289 1399 1295 1413 .
1318 1353 1504 1430 tamquam
1593 1331 1594 1362 *

305 1456 349 1520 de
364 1455 465 1519 caelo
477 1473 592 1533 sonus,
612 1455 731 1537 quasi
745 1456 875 1519 ferre·
973 1453 1197 1522 advenientis
1229 1452 1372 1538 spiritus
1395 1452 1504 1517 vehe-

305 1565 371 1622 tur
403 1558 536 1622 flatus
574 1557 797 1623 vehemens
836 1563 875 1623 et
972 1558 1111 1640 mentis,
1135 1562 1170 1623 et
1203 1557 1357 1640 replevit
1388 1561 1504 1630 totam

305 1662 497 1745 implevit
516 1667 628 1725 totum
643 1661 873 1744 locumilium‚
973 1662 1124 1743 domum,
1144 1661 1189 1726 ub
1206 1661 1322 1725 ierant
1337 1660 1505 1724 sedentes

305 1771 340 1833 in
364 1787 432 1851 quo
456 1774 558 1832 erant
580 1767 755 1846 sedentes
1595 1841 1596 1852 ἵ

371 1874 400 1936 3.
437 1876 472 1934 et
495 1871 594 1934 visae
617 1877 698 1933 sunt
721 1871 789 1935 illis
812 1871 874 1934 lin·
930 1874 965 1934 et
988 1874 1231 1952 apparuerunt
1262 1867 1332 1932 illis
1366 1867 1504 1950 dispar·
1595 1875 1596 1880 ’

305 1994 396 2060 guae
437 1975 574 2038 divisae
616 1975 717 2056 quasi
764 1974 874 2057 igme,
973 1975 1060 2039 titae
1083 1973 1226 2056 linguae
1250 1977 1431 2054 tamquam
1450 1971 1504 2052 ig-

306 2083 365 2164 qui
389 2086 424 2146 et
446 2080 574 2144 insedit
597 2079 631 2145 in
650 2097 875 2160 unumquem-
973 2079 1037 2158 nis,
1046 2079 1206 2160 seditque
1226 2095 1333 2161 supra
1346 2077 1506 2160 singulos

306 2206 374 2271 que
396 2185 536 2248 illorum
974 2200 1095 2248 eorum

370 2292 401 2356 4.
436 2296 472 2354 et
494 2287 629 2370 impleti
652 2291 732 2351 sunt
755 2305 876 2351 omnes
930 2293 966 2354 et
987 2288 1114 2372 repleti
1132 2293 1213 2352 sunt
1232 2304 1353 2351 omnes
1368 2284 1503 2369 Spiritu
1547 2333 1549 2338 ,
1596 2333 1597 2338 1

306 2397 437 2481 Spiritu
460 2397 594 2458 sancto.
611 2390 636 2469 ²)
973 2399 1107 2458 sancto.

373 2519 406 2564 v.
430 2498 482 2565 38.
517 2493 803 2579 paenitemini,
841 2495 876 2555 et
930 2498 1184 2580 paenitentiam
1207 2495 1302 2578 agite

306 2605 506 2687 baptizetur
529 2599 765 2680 unusquisque
785 2603 876 2662 vest·

306 2729 385 2774 rum
408 2709 444 2772 in
467 2703 608 2770 nomine
633 2703 772 2767 Domini
791 2703 875 2767 Jesu

308 2811 437 2878 Christi
460 2810 496 2872 in
529 2808 770 2872 remissionem
797 2823 876 2888 pec-

308 2912 492 2980 catorum*
505 2917 540 2977 et
553 2910 736 2992 accipietis
749 2910 877 2974 donum
932 2915 949 2950 *
974 2918 1173 2979 vestrorum

308 3017 449 3102 spiritus
472 3013 596 3081 sancti.

374 3120 425 3187 39.
464 3119 565 3184 vobis
589 3120 681 3183 enim
705 3127 758 3184 est
787 3137 878 3202 pro·
931 3119 1154 3204 repromissio

308 3224 452 3290 missio
490 3227 525 3288 et
562 3223 642 3286 filiis
682 3225 810 3289 vestris
844 3227 879 3287 et

309 3329 693 3411 omnibusdeincepS,
708 3347 873 3411 quoscun-
932 3331 991 3414 qui
1014 3332 1118 3413 longe
1141 3333 1221 3393 sunt

309 3455 376 3519 que
430 3434 665 3499 advocaverit
711 3431 879 3498 Dominus

310 3540 405 3604 Deus
428 3542 557 3602 noster.
572 3536 601 3623 ³)

509 3692 594 3776 Cap.
613 3693 675 3760 III.

375 3837 398 3882 v
434 3816 463 3884 6.
502 3815 591 3880 dixit
614 3820 733 3879 autem
755 3813 879 3879 Petrus
932 3815 1057 3879 Petrus
1089 3817 1208 3877 autem
1231 3811 1334 3875 dixit:
1367 3811 1505 3894 Argen-

310 3924 461 3988 adeum:
480 3923 666 4003 argentum
685 3918 825 4000 quidem
845 3923 880 3982 et
975 3923 1049 3982 tum
1073 3921 1108 3982 et
1130 3934 1255 3980 aurum
1278 3933 1347 3978 non
1371 3933 1402 3980 e.
1425 3933 1470 3980 m.

311 4046 436 4092 aurum
469 4043 540 4090 non
573 4026 627 4089 est
657 4020 761 4086 mihi:
787 4021 879 4103 quod

311 4135 430 4196 autem
461 4130 586 4210 habeo,
622 4127 690 4190 hoc
730 4126 793 4190 tibi
817 4125 878 4191 do:

312 4234 351 4298 In
385 4233 525 4298 nomine
553 4231 574 4297 J
577 4251 638 4297 esu
661 4229 790 4296 Christi
812 4229 879 4293 Na-

417 4457 436 4527 ¹)
464 4457 577 4528 738,18
604 4473 650 4527 ep.
668 4457 712 4527 67,
739 4473 763 4526 4.
793 4484 823 4494 -
852 4455 872 4524 ²)
899 4455 992 4526 179‚6
1019 4453 1124 4510 testim.
1145 4453 1191 4524 111,
1219 4471 1276 4511 101.
1305 4484 1339 4494 -·
1365 4454 1385 4522 ⁸)
1405 4469 1505 4524 791,9

313 4560 421 4620 ε1)·73ι
442 4561 483 4617 17·
