<?xml version="1.0" encoding="UTF-8"?>
<!DOCTYPE html PUBLIC "-//W3C//DTD XHTML 1.0 Transitional//EN"
    "http://www.w3.org/TR/xhtml1/DTD/xhtml1-transitional.dtd">
<html xmlns="http://www.w3.org/1999/xhtml" xml:lang="en" lang="en">
 <head>
  <title>
</title>
<meta http-equiv="Content-Type" content="text/html;charset=utf-8" />
  <meta name='ocr-system' content='tesseract 3.04.00' />
  <meta name='ocr-capabilities' content='ocr_page ocr_carea ocr_par ocr_line ocrx_word'/>
</head>
<body>
  <div class='ocr_page' id='page_1' title='image "./derneutestament00heidgoog_0103.png"; bbox 0 0 3198 5048; ppageno 0'>
   <div class='ocr_carea' id='block_1_1' title="bbox 444 652 1320 741">
    <p class='ocr_par' dir='ltr' id='par_1_1' title="bbox 444 652 1320 741">
     <span class='ocr_line' id='line_1_1' title="bbox 444 652 1320 741; baseline -0.009 -13"><span class='ocrx_word' id='word_1_1' title='bbox 444 652 725 741; x_wconf 74' lang='lat' dir='ltr'>Cyprianus</span> <span class='ocrx_word' id='word_1_2' title='bbox 1112 653 1320 738; x_wconf 78' lang='lat' dir='ltr'><strong>Vulgata</strong></span> 
     </span>
    </p>
   </div>
   <div class='ocr_carea' id='block_1_2' title="bbox 243 878 1580 3975">
    <p class='ocr_par' dir='ltr' id='par_1_2' title="bbox 243 878 1580 3975">
     <span class='ocr_line' id='line_1_2' title="bbox 312 878 1580 968; baseline 0.001 -23"><span class='ocrx_word' id='word_1_3' title='bbox 312 962 325 968; x_wconf 26' lang='lat'><strong>,-</strong></span> <span class='ocrx_word' id='word_1_4' title='bbox 377 899 413 947; x_wconf 81' lang='grc' dir='ltr'><strong>ν.</strong></span> <span class='ocrx_word' id='word_1_5' title='bbox 434 878 485 946; x_wconf 90' lang='grc'><strong>22.</strong></span> <span class='ocrx_word' id='word_1_6' title='bbox 532 880 699 964; x_wconf 82' lang='lat' dir='ltr'>exponite</span> <span class='ocrx_word' id='word_1_7' title='bbox 754 883 882 966; x_wconf 89' lang='lat' dir='ltr'><strong>prioris</strong></span> <span class='ocrx_word' id='word_1_8' title='bbox 934 882 1099 967; x_wconf 91' lang='lat' dir='ltr'><strong>deponite</strong></span> <span class='ocrx_word' id='word_1_9' title='bbox 1112 899 1175 945; x_wconf 91' lang='lat' dir='ltr'><strong>vos</strong></span> <span class='ocrx_word' id='word_1_10' title='bbox 1186 882 1379 946; x_wconf 88' lang='lat' dir='ltr'><strong>secundum</strong></span> <span class='ocrx_word' id='word_1_11' title='bbox 1390 882 1506 965; x_wconf 80' lang='lat' dir='ltr'><strong>prisii·</strong></span> <span class='ocrx_word' id='word_1_12' title='bbox 1579 891 1580 896; x_wconf 77' lang='grc'>’</span> 
     </span>
     <span class='ocr_line' id='line_1_3' title="bbox 312 972 1507 1054; baseline 0.001 -2"><span class='ocrx_word' id='word_1_13' title='bbox 312 972 595 1052; x_wconf 81' lang='lat' dir='ltr'><strong>conversationis</strong></span> <span class='ocrx_word' id='word_1_14' title='bbox 625 991 784 1052; x_wconf 89' lang='lat' dir='ltr'><strong>veterem</strong></span> <span class='ocrx_word' id='word_1_15' title='bbox 824 987 883 1052; x_wconf 91' lang='lat' dir='ltr'><strong>ho·</strong></span> <span class='ocrx_word' id='word_1_16' title='bbox 978 1005 1062 1052; x_wconf 90' lang='lat' dir='ltr'><strong>nam</strong></span> <span class='ocrx_word' id='word_1_17' title='bbox 1095 986 1403 1051; x_wconf 83' lang='lat' dir='ltr'><strong>conversationem</strong></span> <span class='ocrx_word' id='word_1_18' title='bbox 1435 993 1507 1054; x_wconf 86' lang='lat' dir='ltr'><strong>vat.</strong></span> 
     </span>
     <span class='ocr_line' id='line_1_4' title="bbox 313 1087 1241 1173; baseline 0.001 -17"><span class='ocrx_word' id='word_1_19' title='bbox 313 1091 453 1172; x_wconf 83' lang='lat' dir='ltr'><strong>minem,</strong></span> <span class='ocrx_word' id='word_1_20' title='bbox 477 1090 536 1172; x_wconf 94' lang='lat' dir='ltr'><strong>qui</strong></span> <span class='ocrx_word' id='word_1_21' title='bbox 568 1091 810 1173; x_wconf 82' lang='lat' dir='ltr'><strong>conrumpitur</strong></span> <span class='ocrx_word' id='word_1_22' title='bbox 833 1109 884 1157; x_wconf 88' lang='lat' dir='ltr'><strong>se·</strong></span> <span class='ocrx_word' id='word_1_23' title='bbox 978 1092 1071 1157; x_wconf 92' lang='lat' dir='ltr'><strong>hom.</strong></span> <span class='ocrx_word' id='word_1_24' title='bbox 1237 1087 1241 1096; x_wconf 82' lang='grc'><strong>’</strong></span> 
     </span>
     <span class='ocr_line' id='line_1_5' title="bbox 314 1195 1277 1280; baseline 0.003 -19"><span class='ocrx_word' id='word_1_25' title='bbox 314 1197 467 1261; x_wconf 89' lang='lat' dir='ltr'><strong>cundum</strong></span> <span class='ocrx_word' id='word_1_26' title='bbox 512 1195 884 1280; x_wconf 87' lang='lat' dir='ltr'><strong>concupiscentias</strong></span> <span class='ocrx_word' id='word_1_27' title='bbox 937 1197 1114 1265; x_wconf 90' lang='lat' dir='ltr'><strong>desideria</strong></span> <span class='ocrx_word' id='word_1_28' title='bbox 1137 1197 1277 1264; x_wconf 84' lang='lat' dir='ltr'><strong>erroris.</strong></span> 
     </span>
     <span class='ocr_line' id='line_1_6' title="bbox 315 1300 584 1384; baseline -0.004 -19"><span class='ocrx_word' id='word_1_29' title='bbox 315 1300 544 1384; x_wconf 80' lang='lat' dir='ltr'><strong>deceptionis,</strong></span> <span class='ocrx_word' id='word_1_30' title='bbox 581 1315 584 1320; x_wconf 83' lang='lat'>·</span> 
     </span>
     <span class='ocr_line' id='line_1_7' title="bbox 378 1403 1160 1472; baseline -0.003 -2"><span class='ocrx_word' id='word_1_31' title='bbox 378 1403 431 1472; x_wconf 82' lang='lat'><strong>23.</strong></span> <span class='ocrx_word' id='word_1_32' title='bbox 472 1403 734 1470; x_wconf 85' lang='lat' dir='ltr'><strong>innovamini</strong></span> <span class='ocrx_word' id='word_1_33' title='bbox 766 1408 883 1469; x_wconf 87' lang='lat' dir='ltr'><strong>autem</strong></span> <span class='ocrx_word' id='word_1_34' title='bbox 938 1405 1160 1472; x_wconf 85' lang='lat' dir='ltr'><strong>renovamini</strong></span> 
     </span>
     <span class='ocr_line' id='line_1_8' title="bbox 315 1507 1243 1591; baseline 0.003 -19"><span class='ocrx_word' id='word_1_35' title='bbox 315 1508 439 1591; x_wconf 87' lang='lat' dir='ltr'><strong>spiritu</strong></span> <span class='ocrx_word' id='word_1_36' title='bbox 461 1526 609 1573; x_wconf 87' lang='lat' dir='ltr'><strong>sensus</strong></span> <span class='ocrx_word' id='word_1_37' title='bbox 631 1507 767 1573; x_wconf 88' lang='lat' dir='ltr'><strong>vestri</strong></span> <span class='ocrx_word' id='word_1_38' title='bbox 939 1512 1067 1578; x_wconf 89' lang='lat' dir='ltr'><strong>mentis</strong></span> <span class='ocrx_word' id='word_1_39' title='bbox 1090 1515 1243 1575; x_wconf 85' lang='lat' dir='ltr'><strong>vostrae.</strong></span> 
     </span>
     <span class='ocr_line' id='line_1_9' title="bbox 380 1611 886 1679; baseline -0.002 -1"><span class='ocrx_word' id='word_1_40' title='bbox 380 1611 433 1679; x_wconf 84' lang='lat'><strong>24.</strong></span> <span class='ocrx_word' id='word_1_41' title='bbox 465 1617 501 1678; x_wconf 90' lang='lat' dir='ltr'><strong>et</strong></span> <span class='ocrx_word' id='word_1_42' title='bbox 522 1612 656 1678; x_wconf 88' lang='lat' dir='ltr'><strong>induite</strong></span> <span class='ocrx_word' id='word_1_43' title='bbox 678 1629 810 1677; x_wconf 75' lang='lat' dir='ltr'><strong>novum</strong></span> <span class='ocrx_word' id='word_1_44' title='bbox 828 1613 886 1677; x_wconf 92' lang='lat' dir='ltr'><strong>ho-</strong></span> 
     </span>
     <span class='ocr_line' id='line_1_10' title="bbox 315 1717 1130 1800; baseline 0.006 -19"><span class='ocrx_word' id='word_1_45' title='bbox 315 1717 445 1782; x_wconf 90' lang='lat' dir='ltr'><strong>minem</strong></span> <span class='ocrx_word' id='word_1_46' title='bbox 474 1735 578 1798; x_wconf 91' lang='lat' dir='ltr'><strong>eum,</strong></span> <span class='ocrx_word' id='word_1_47' title='bbox 602 1717 662 1800; x_wconf 89' lang='lat' dir='ltr'><strong>qui</strong></span> <span class='ocrx_word' id='word_1_48' title='bbox 693 1719 885 1784; x_wconf 84' lang='lat' dir='ltr'><strong>secundum</strong></span> <span class='ocrx_word' id='word_1_49' title='bbox 940 1743 1020 1790; x_wconf 85' lang='lat' dir='ltr'><strong>eum</strong></span> <span class='ocrx_word' id='word_1_50' title='bbox 1042 1721 1130 1788; x_wconf 82' lang='lat' dir='ltr'><strong>fehlt</strong></span> 
     </span>
     <span class='ocr_line' id='line_1_11' title="bbox 316 1819 1083 1894; baseline 0.007 -8"><span class='ocrx_word' id='word_1_51' title='bbox 316 1819 431 1888; x_wconf 90' lang='lat' dir='ltr'><strong>Deum</strong></span> <span class='ocrx_word' id='word_1_52' title='bbox 470 1821 729 1887; x_wconf 87' lang='lat' dir='ltr'><strong>constitutus</strong></span> <span class='ocrx_word' id='word_1_53' title='bbox 766 1826 820 1886; x_wconf 87' lang='lat' dir='ltr'><strong>est</strong></span> <span class='ocrx_word' id='word_1_54' title='bbox 850 1821 907 1886; x_wconf 48' lang='lat' dir='ltr'><strong>in¹</strong></span> <span class='ocrx_word' id='word_1_55' title='bbox 941 1832 1083 1894; x_wconf 86' lang='lat' dir='ltr'><strong>oreatus</strong></span> 
     </span>
     <span class='ocr_line' id='line_1_12' title="bbox 317 1917 887 1992; baseline 0.005 -3"><span class='ocrx_word' id='word_1_56' title='bbox 317 1924 452 1989; x_wconf 87' lang='lat' dir='ltr'><strong>iustitia</strong></span> <span class='ocrx_word' id='word_1_57' title='bbox 506 1929 541 1990; x_wconf 89' lang='lat' dir='ltr'><strong>et</strong></span> <span class='ocrx_word' id='word_1_58' title='bbox 595 1917 788 1992; x_wconf 79' lang='lat' dir='ltr'><strong>sanctitate</strong></span> <span class='ocrx_word' id='word_1_59' title='bbox 842 1931 887 1992; x_wconf 89' lang='lat' dir='ltr'><strong>et</strong></span> 
     </span>
     <span class='ocr_line' id='line_1_13' title="bbox 317 2026 1104 2113; baseline 0.011 -22"><span class='ocrx_word' id='word_1_60' title='bbox 317 2027 542 2093; x_wconf 86' lang='lat' dir='ltr'><strong>veritate.</strong></span> <span class='ocrx_word' id='word_1_61' title='bbox 562 2026 588 2113; x_wconf 87' lang='lat'><strong>¹)</strong></span> <span class='ocrx_word' id='word_1_62' title='bbox 942 2037 1104 2104; x_wconf 88' lang='lat' dir='ltr'><strong>veritatis</strong></span> 
     </span>
     <span class='ocr_line' id='line_1_14' title="bbox 384 2129 888 2212; baseline 0.002 -16"><span class='ocrx_word' id='word_1_63' title='bbox 384 2129 436 2198; x_wconf 88' lang='grc'><strong>26.</strong></span> <span class='ocrx_word' id='word_1_64' title='bbox 481 2129 685 2212; x_wconf 77' lang='lat' dir='ltr'><strong>irascimini,</strong></span> <span class='ocrx_word' id='word_1_65' title='bbox 709 2139 745 2196; x_wconf 88' lang='lat' dir='ltr'><strong>et</strong></span> <span class='ocrx_word' id='word_1_66' title='bbox 780 2133 888 2198; x_wconf 89' lang='lat' dir='ltr'><strong>nolite</strong></span> 
     </span>
     <span class='ocr_line' id='line_1_15' title="bbox 312 2233 889 2320; baseline 0 -18"><span class='ocrx_word' id='word_1_67' title='bbox 312 2253 481 2320; x_wconf 83' lang='lat' dir='ltr'><strong>‚peccare</strong></span> <span class='ocrx_word' id='word_1_68' title='bbox 531 2233 590 2300; x_wconf 88' lang='lat' dir='ltr'><strong>Sol</strong></span> <span class='ocrx_word' id='word_1_69' title='bbox 634 2254 704 2300; x_wconf 94' lang='lat' dir='ltr'><strong>non</strong></span> <span class='ocrx_word' id='word_1_70' title='bbox 749 2237 889 2302; x_wconf 89' lang='lat' dir='ltr'><strong>occidat</strong></span> 
     </span>
     <span class='ocr_line' id='line_1_16' title="bbox 243 2340 889 2432; baseline 0.002 -25"><span class='ocrx_word' id='word_1_71' title='bbox 243 2351 249 2360; x_wconf 87' lang='lat'>&#39;</span> <span class='ocrx_word' id='word_1_72' title='bbox 318 2359 425 2425; x_wconf 89' lang='lat' dir='ltr'><strong>super</strong></span> <span class='ocrx_word' id='word_1_73' title='bbox 447 2340 668 2406; x_wconf 87' lang='lat' dir='ltr'><strong>iracundiam</strong></span> <span class='ocrx_word' id='word_1_74' title='bbox 689 2342 889 2432; x_wconf 78' lang='lat' dir='ltr'><strong>vestram.²)</strong></span> 
     </span>
     <span class='ocr_line' id='line_1_17' title="bbox 383 2444 889 2515; baseline 0.008 -5"><span class='ocrx_word' id='word_1_75' title='bbox 383 2444 494 2514; x_wconf 59' lang='lat'><strong>1227.</strong></span> <span class='ocrx_word' id='word_1_76' title='bbox 530 2446 639 2512; x_wconf 85' lang='lat' dir='ltr'><strong>nolite</strong></span> <span class='ocrx_word' id='word_1_77' title='bbox 661 2447 779 2512; x_wconf 90' lang='lat' dir='ltr'><strong>locum</strong></span> <span class='ocrx_word' id='word_1_78' title='bbox 802 2449 889 2515; x_wconf 87' lang='lat' dir='ltr'><strong>dare</strong></span> 
     </span>
     <span class='ocr_line' id='line_1_18' title="bbox 322 2550 510 2638; baseline -0.011 -20"><span class='ocrx_word' id='word_1_79' title='bbox 322 2553 463 2618; x_wconf 90' lang='lat' dir='ltr'><strong>diabolo</strong></span> <span class='ocrx_word' id='word_1_80' title='bbox 479 2550 510 2638; x_wconf 88' lang='lat'><strong>³)</strong></span> 
     </span>
     <span class='ocr_line' id='line_1_19' title="bbox 384 2654 890 2723; baseline 0.004 -3"><span class='ocrx_word' id='word_1_81' title='bbox 384 2675 419 2722; x_wconf 85' lang='lat' dir='ltr'><strong>v.</strong></span> <span class='ocrx_word' id='word_1_82' title='bbox 435 2654 487 2723; x_wconf 83' lang='lat'><strong>29.</strong></span> <span class='ocrx_word' id='word_1_83' title='bbox 511 2655 625 2720; x_wconf 92' lang='lat' dir='ltr'><strong>omnis</strong></span> <span class='ocrx_word' id='word_1_84' title='bbox 643 2673 757 2721; x_wconf 75' lang='lat' dir='ltr'><strong>sarano</strong></span> <span class='ocrx_word' id='word_1_85' title='bbox 775 2658 890 2722; x_wconf 89' lang='lat' dir='ltr'><strong>malus</strong></span> 
     </span>
     <span class='ocr_line' id='line_1_20' title="bbox 320 2761 990 2844; baseline 0.006 -18"><span class='ocrx_word' id='word_1_86' title='bbox 320 2762 373 2827; x_wconf 86' lang='lat' dir='ltr'><strong>de</strong></span> <span class='ocrx_word' id='word_1_87' title='bbox 396 2779 457 2827; x_wconf 88' lang='lat' dir='ltr'><strong>ore</strong></span> <span class='ocrx_word' id='word_1_88' title='bbox 480 2765 600 2826; x_wconf 87' lang='lat' dir='ltr'><strong>vestro</strong></span> <span class='ocrx_word' id='word_1_89' title='bbox 614 2780 685 2826; x_wconf 93' lang='lat' dir='ltr'><strong>non</strong></span> <span class='ocrx_word' id='word_1_90' title='bbox 702 2761 889 2844; x_wconf 88' lang='lat' dir='ltr'><strong>procedat,</strong></span> <span class='ocrx_word' id='word_1_91' title='bbox 944 2783 990 2830; x_wconf 87' lang='lat' dir='ltr'><strong>ex</strong></span> 
     </span>
     <span class='ocr_line' id='line_1_21' title="bbox 321 2857 1108 2947; baseline 0.004 -18"><span class='ocrx_word' id='word_1_92' title='bbox 321 2865 383 2931; x_wconf 76' lang='lat' dir='ltr'><strong>red</strong></span> <span class='ocrx_word' id='word_1_93' title='bbox 418 2865 447 2928; x_wconf 93' lang='lat' dir='ltr'><strong>si</strong></span> <span class='ocrx_word' id='word_1_94' title='bbox 482 2864 559 2947; x_wconf 92' lang='lat' dir='ltr'><strong>quis</strong></span> <span class='ocrx_word' id='word_1_95' title='bbox 595 2865 707 2929; x_wconf 85' lang='lat' dir='ltr'><strong>bonus</strong></span> <span class='ocrx_word' id='word_1_96' title='bbox 741 2857 812 2930; x_wconf 88' lang='lat' dir='ltr'><strong>est</strong></span> <span class='ocrx_word' id='word_1_97' title='bbox 844 2866 891 2930; x_wconf 86' lang='lat' dir='ltr'><strong>ad</strong></span> <span class='ocrx_word' id='word_1_98' title='bbox 945 2875 998 2934; x_wconf 87' lang='lat' dir='ltr'><strong>est</strong></span> <span class='ocrx_word' id='word_1_99' title='bbox 1020 2869 1108 2934; x_wconf 86' lang='lat' dir='ltr'><strong>fehlt</strong></span> 
     </span>
     <span class='ocr_line' id='line_1_22' title="bbox 321 2967 892 3050; baseline 0.007 -18"><span class='ocrx_word' id='word_1_100' title='bbox 321 2967 604 3032; x_wconf 84' lang='lat' dir='ltr'><strong>aedificationem</strong></span> <span class='ocrx_word' id='word_1_101' title='bbox 625 2967 721 3050; x_wconf 90' lang='lat' dir='ltr'><strong>fidei,</strong></span> <span class='ocrx_word' id='word_1_102' title='bbox 757 2973 796 3034; x_wconf 93' lang='lat' dir='ltr'><strong>ut</strong></span> <span class='ocrx_word' id='word_1_103' title='bbox 832 2970 892 3036; x_wconf 89' lang='lat' dir='ltr'><strong>det</strong></span> 
     </span>
     <span class='ocr_line' id='line_1_23' title="bbox 321 3072 774 3159; baseline 0 -21"><span class='ocrx_word' id='word_1_104' title='bbox 321 3073 475 3157; x_wconf 85' lang='lat' dir='ltr'><strong>gratiam</strong></span> <span class='ocrx_word' id='word_1_105' title='bbox 498 3073 729 3140; x_wconf 81' lang='lat' dir='ltr'><strong>audientibus</strong></span> <span class='ocrx_word' id='word_1_106' title='bbox 744 3072 774 3159; x_wconf 82' lang='lat'><strong>⁴)</strong></span> 
     </span>
     <span class='ocr_line' id='line_1_24' title="bbox 386 3177 1054 3245; baseline 0.003 -2"><span class='ocrx_word' id='word_1_107' title='bbox 386 3197 421 3244; x_wconf 85' lang='lat' dir='ltr'><strong>v.</strong></span> <span class='ocrx_word' id='word_1_108' title='bbox 444 3177 497 3244; x_wconf 83' lang='lat'><strong>30.</strong></span> <span class='ocrx_word' id='word_1_109' title='bbox 529 3177 637 3243; x_wconf 91' lang='lat' dir='ltr'><strong>nolite</strong></span> <span class='ocrx_word' id='word_1_110' title='bbox 660 3179 891 3245; x_wconf 88' lang='lat' dir='ltr'><strong>constristare</strong></span> <span class='ocrx_word' id='word_1_111' title='bbox 981 3221 982 3228; x_wconf 41' lang='lat'><strong>1</strong></span> <span class='ocrx_word' id='word_1_112' title='bbox 1051 3219 1054 3226; x_wconf 89' lang='lat'>.</span> 
     </span>
     <span class='ocr_line' id='line_1_25' title="bbox 322 3283 891 3368; baseline -0.005 -17"><span class='ocrx_word' id='word_1_113' title='bbox 322 3283 490 3368; x_wconf 82' lang='lat' dir='ltr'><strong>Spiritum</strong></span> <span class='ocrx_word' id='word_1_114' title='bbox 529 3287 691 3348; x_wconf 89' lang='lat' dir='ltr'><strong>sanctum</strong></span> <span class='ocrx_word' id='word_1_115' title='bbox 728 3283 817 3365; x_wconf 92' lang='lat' dir='ltr'><strong>Dei,</strong></span> <span class='ocrx_word' id='word_1_116' title='bbox 855 3284 891 3349; x_wconf 94' lang='lat' dir='ltr'><strong>in</strong></span> 
     </span>
     <span class='ocr_line' id='line_1_26' title="bbox 323 3388 892 3472; baseline -0.002 -18"><span class='ocrx_word' id='word_1_117' title='bbox 323 3407 392 3472; x_wconf 92' lang='lat' dir='ltr'><strong>quo</strong></span> <span class='ocrx_word' id='word_1_118' title='bbox 433 3388 563 3470; x_wconf 86' lang='lat' dir='ltr'><strong>signati</strong></span> <span class='ocrx_word' id='word_1_119' title='bbox 602 3388 686 3454; x_wconf 89' lang='lat' dir='ltr'><strong>estis</strong></span> <span class='ocrx_word' id='word_1_120' title='bbox 725 3388 762 3452; x_wconf 94' lang='lat' dir='ltr'><strong>in</strong></span> <span class='ocrx_word' id='word_1_121' title='bbox 799 3389 892 3454; x_wconf 87' lang='lat' dir='ltr'><strong>diem</strong></span> 
     </span>
     <span class='ocr_line' id='line_1_27' title="bbox 323 3474 588 3559; baseline -0.008 -17"><span class='ocrx_word' id='word_1_122' title='bbox 323 3474 588 3559; x_wconf 85' lang='lat' dir='ltr'><strong>redemptionis;</strong></span> 
     </span>
     <span class='ocr_line' id='line_1_28' title="bbox 390 3579 893 3648; baseline -0.004 -1"><span class='ocrx_word' id='word_1_123' title='bbox 390 3580 442 3648; x_wconf 83' lang='lat'><strong>31.</strong></span> <span class='ocrx_word' id='word_1_124' title='bbox 487 3579 599 3644; x_wconf 90' lang='lat' dir='ltr'><strong>omnis</strong></span> <span class='ocrx_word' id='word_1_125' title='bbox 637 3580 833 3646; x_wconf 89' lang='lat' dir='ltr'><strong>amaritudo</strong></span> <span class='ocrx_word' id='word_1_126' title='bbox 857 3585 893 3646; x_wconf 89' lang='lat' dir='ltr'><strong>et</strong></span> 
     </span>
     <span class='ocr_line' id='line_1_29' title="bbox 324 3683 891 3767; baseline -0.002 -17"><span class='ocrx_word' id='word_1_127' title='bbox 324 3685 387 3767; x_wconf 90' lang='lat' dir='ltr'><strong>ira,</strong></span> <span class='ocrx_word' id='word_1_128' title='bbox 412 3688 448 3750; x_wconf 88' lang='lat' dir='ltr'><strong>et</strong></span> <span class='ocrx_word' id='word_1_129' title='bbox 470 3683 675 3766; x_wconf 87' lang='lat' dir='ltr'><strong>indignatio,</strong></span> <span class='ocrx_word' id='word_1_130' title='bbox 700 3688 735 3749; x_wconf 88' lang='lat' dir='ltr'><strong>et</strong></span> <span class='ocrx_word' id='word_1_131' title='bbox 747 3685 891 3766; x_wconf 92' lang='lat' dir='ltr'><strong>clamor,</strong></span> 
     </span>
     <span class='ocr_line' id='line_1_30' title="bbox 325 3787 1091 3873; baseline 0.003 -20"><span class='ocrx_word' id='word_1_132' title='bbox 325 3797 361 3853; x_wconf 92' lang='lat' dir='ltr'><strong>et</strong></span> <span class='ocrx_word' id='word_1_133' title='bbox 403 3787 625 3870; x_wconf 88' lang='lat' dir='ltr'><strong>blasphemia</strong></span> <span class='ocrx_word' id='word_1_134' title='bbox 669 3788 893 3855; x_wconf 86' lang='lat' dir='ltr'><strong>auferatur</strong></span> <span class='ocrx_word' id='word_1_135' title='bbox 946 3807 1091 3873; x_wconf 69' lang='lat' dir='ltr'><strong>tonatur</strong></span> 
     </span>
     <span class='ocr_line' id='line_1_31' title="bbox 326 3887 984 3975; baseline 0 -20"><span class='ocrx_word' id='word_1_136' title='bbox 326 3889 482 3955; x_wconf 90' lang='lat' dir='ltr'><strong>avobis.</strong></span> <span class='ocrx_word' id='word_1_137' title='bbox 497 3887 526 3975; x_wconf 80' lang='grc'><strong>5)</strong></span> <span class='ocrx_word' id='word_1_138' title='bbox 981 3901 984 3904; x_wconf 82' lang='grc'><em>“</em></span> 
     </span>
    </p>
   </div>
   <div class='ocr_carea' id='block_1_3' title="bbox 390 4007 1011 4198">
    <p class='ocr_par' dir='ltr' id='par_1_3' title="bbox 390 4007 1011 4198">
     <span class='ocr_line' id='line_1_32' title="bbox 532 4007 682 4093; baseline 0.007 -17"><span class='ocrx_word' id='word_1_139' title='bbox 532 4007 618 4093; x_wconf 88' lang='lat' dir='ltr'><strong>Cap.</strong></span> <span class='ocrx_word' id='word_1_140' title='bbox 641 4009 682 4078; x_wconf 90' lang='lat' dir='ltr'><strong>V.</strong></span> 
     </span>
     <span class='ocr_line' id='line_1_33' title="bbox 390 4113 1011 4198; baseline 0.01 -19"><span class='ocrx_word' id='word_1_141' title='bbox 390 4133 425 4180; x_wconf 88' lang='lat' dir='ltr'><strong>v.</strong></span> <span class='ocrx_word' id='word_1_142' title='bbox 459 4113 491 4179; x_wconf 83' lang='lat'><strong>4.</strong></span> <span class='ocrx_word' id='word_1_143' title='bbox 553 4113 805 4198; x_wconf 91' lang='lat' dir='ltr'><strong>stultiloquium</strong></span> <span class='ocrx_word' id='word_1_144' title='bbox 850 4123 896 4185; x_wconf 88' lang='lat' dir='ltr'><strong>et</strong></span> <span class='ocrx_word' id='word_1_145' title='bbox 950 4124 1011 4184; x_wconf 90' lang='lat' dir='ltr'><strong>aut</strong></span> 
     </span>
    </p>
   </div>
   <div class='ocr_carea' id='block_1_4' title="bbox 330 4287 1519 4450">
    <p class='ocr_par' dir='ltr' id='par_1_4' title="bbox 330 4287 1519 4450">
     <span class='ocr_line' id='line_1_34' title="bbox 432 4287 1518 4367; baseline 0.004 -25"><span class='ocrx_word' id='word_1_146' title='bbox 432 4288 451 4356; x_wconf 87' lang='lat'><strong>¹)</strong></span> <span class='ocrx_word' id='word_1_147' title='bbox 472 4303 530 4359; x_wconf 80' lang='lat'><strong>124,</strong></span> <span class='ocrx_word' id='word_1_148' title='bbox 548 4303 584 4342; x_wconf 80' lang='lat'><strong>20</strong></span> <span class='ocrx_word' id='word_1_149' title='bbox 601 4295 667 4343; x_wconf 87' lang='lat' dir='ltr'><strong>test.</strong></span> <span class='ocrx_word' id='word_1_150' title='bbox 678 4287 724 4358; x_wconf 91' lang='grc' dir='ltr'><strong>ΙΙΙ,</strong></span> <span class='ocrx_word' id='word_1_151' title='bbox 744 4304 784 4342; x_wconf 87' lang='grc'><strong>11.</strong></span> <span class='ocrx_word' id='word_1_152' title='bbox 803 4317 837 4330; x_wconf 87' lang='grc'><strong>-</strong></span> <span class='ocrx_word' id='word_1_153' title='bbox 855 4290 875 4357; x_wconf 87' lang='lat'><strong>¹)</strong></span> <span class='ocrx_word' id='word_1_154' title='bbox 897 4306 954 4360; x_wconf 82' lang='lat'><strong>120,</strong></span> <span class='ocrx_word' id='word_1_155' title='bbox 975 4307 1008 4360; x_wconf 86' lang='lat'><strong>13</strong></span> <span class='ocrx_word' id='word_1_156' title='bbox 1025 4297 1089 4346; x_wconf 88' lang='lat' dir='ltr'><strong>test.</strong></span> <span class='ocrx_word' id='word_1_157' title='bbox 1100 4289 1146 4359; x_wconf 89' lang='lat'><strong>111,</strong></span> <span class='ocrx_word' id='word_1_158' title='bbox 1162 4289 1188 4345; x_wconf 87' lang='lat'><strong>8.</strong></span> <span class='ocrx_word' id='word_1_159' title='bbox 1202 4319 1235 4332; x_wconf 89' lang='lat'>-</span> <span class='ocrx_word' id='word_1_160' title='bbox 1253 4291 1274 4360; x_wconf 76' lang='grc' dir='ltr'><strong>ι)</strong></span> <span class='ocrx_word' id='word_1_161' title='bbox 1285 4308 1346 4363; x_wconf 87' lang='lat'><strong>474,</strong></span> <span class='ocrx_word' id='word_1_162' title='bbox 1363 4303 1381 4367; x_wconf 79' lang='lat'><strong>3</strong></span> <span class='ocrx_word' id='word_1_163' title='bbox 1398 4307 1445 4364; x_wconf 86' lang='lat' dir='ltr'><strong>ep.</strong></span> <span class='ocrx_word' id='word_1_164' title='bbox 1458 4308 1518 4362; x_wconf 79' lang='lat'><strong>42.</strong></span> 
     </span>
     <span class='ocr_line' id='line_1_35' title="bbox 330 4374 1519 4450; baseline 0.003 -20"><span class='ocrx_word' id='word_1_165' title='bbox 330 4405 360 4416; x_wconf 89' lang='lat'>-</span> <span class='ocrx_word' id='word_1_166' title='bbox 380 4376 400 4444; x_wconf 78' lang='lat'><strong>⁴)</strong></span> <span class='ocrx_word' id='word_1_167' title='bbox 422 4374 480 4444; x_wconf 80' lang='lat'><strong>126,</strong></span> <span class='ocrx_word' id='word_1_168' title='bbox 500 4390 531 4428; x_wconf 94' lang='lat'><strong>11</strong></span> <span class='ocrx_word' id='word_1_169' title='bbox 551 4383 615 4430; x_wconf 83' lang='lat' dir='ltr'><strong>test</strong></span> <span class='ocrx_word' id='word_1_170' title='bbox 636 4374 681 4444; x_wconf 95' lang='lat' dir='ltr'><strong>lll,</strong></span> <span class='ocrx_word' id='word_1_171' title='bbox 701 4391 741 4445; x_wconf 88' lang='lat'><strong>13,</strong></span> <span class='ocrx_word' id='word_1_172' title='bbox 769 4376 860 4446; x_wconf 83' lang='lat' dir='ltr'><strong>desgl.</strong></span> <span class='ocrx_word' id='word_1_173' title='bbox 878 4378 938 4447; x_wconf 89' lang='lat'><strong>601,</strong></span> <span class='ocrx_word' id='word_1_174' title='bbox 960 4379 993 4432; x_wconf 91' lang='lat'><strong>16</strong></span> <span class='ocrx_word' id='word_1_175' title='bbox 1010 4395 1057 4450; x_wconf 86' lang='lat' dir='ltr'><strong>ep.</strong></span> <span class='ocrx_word' id='word_1_176' title='bbox 1076 4393 1119 4448; x_wconf 89' lang='lat'><strong>45,</strong></span> <span class='ocrx_word' id='word_1_177' title='bbox 1136 4394 1161 4446; x_wconf 87' lang='lat'><strong>2,</strong></span> <span class='ocrx_word' id='word_1_178' title='bbox 1179 4395 1227 4432; x_wconf 90' lang='lat' dir='ltr'><strong>wo</strong></span> <span class='ocrx_word' id='word_1_179' title='bbox 1244 4378 1317 4434; x_wconf 86' lang='lat' dir='ltr'><strong>aber</strong></span> <span class='ocrx_word' id='word_1_180' title='bbox 1335 4378 1360 4434; x_wconf 92' lang='lat' dir='ltr'><strong>si</strong></span> <span class='ocrx_word' id='word_1_181' title='bbox 1379 4379 1444 4449; x_wconf 88' lang='lat' dir='ltr'><strong>quis</strong></span> <span class='ocrx_word' id='word_1_182' title='bbox 1459 4380 1519 4434; x_wconf 89' lang='lat' dir='ltr'><strong>und</strong></span> 
     </span>
    </p>
   </div>
   <div class='ocr_carea' id='block_1_5' title="bbox 328 4461 1520 4608">
    <p class='ocr_par' dir='ltr' id='par_1_5' title="bbox 328 4461 1520 4608">
     <span class='ocr_line' id='line_1_36' title="bbox 328 4461 1520 4538; baseline 0.006 -22"><span class='ocrx_word' id='word_1_183' title='bbox 328 4472 373 4518; x_wconf 86' lang='lat' dir='ltr'><strong>est</strong></span> <span class='ocrx_word' id='word_1_184' title='bbox 398 4461 504 4517; x_wconf 86' lang='lat' dir='ltr'><strong>fehlen.</strong></span> <span class='ocrx_word' id='word_1_185' title='bbox 532 4489 566 4502; x_wconf 86' lang='lat'><strong>-</strong></span> <span class='ocrx_word' id='word_1_186' title='bbox 591 4463 613 4531; x_wconf 80' lang='lat'><strong>⁸)</strong></span> <span class='ocrx_word' id='word_1_187' title='bbox 632 4479 693 4533; x_wconf 91' lang='lat'><strong>409,</strong></span> <span class='ocrx_word' id='word_1_188' title='bbox 710 4477 727 4533; x_wconf 90' lang='lat'>5</span> <span class='ocrx_word' id='word_1_189' title='bbox 745 4463 783 4518; x_wconf 92' lang='lat' dir='ltr'><strong>de</strong></span> <span class='ocrx_word' id='word_1_190' title='bbox 800 4463 878 4518; x_wconf 91' lang='lat' dir='ltr'><strong>bono</strong></span> <span class='ocrx_word' id='word_1_191' title='bbox 896 4472 954 4535; x_wconf 89' lang='lat' dir='ltr'><strong>pat.</strong></span> <span class='ocrx_word' id='word_1_192' title='bbox 975 4465 1009 4519; x_wconf 91' lang='lat'><strong>16</strong></span> <span class='ocrx_word' id='word_1_193' title='bbox 1026 4481 1052 4519; x_wconf 87' lang='lat' dir='ltr'><strong>n.</strong></span> <span class='ocrx_word' id='word_1_194' title='bbox 1073 4481 1131 4536; x_wconf 82' lang='lat'><strong>120,</strong></span> <span class='ocrx_word' id='word_1_195' title='bbox 1149 4483 1167 4535; x_wconf 89' lang='lat'><strong>4</strong></span> <span class='ocrx_word' id='word_1_196' title='bbox 1183 4472 1248 4520; x_wconf 83' lang='lat' dir='ltr'><strong>test</strong></span> <span class='ocrx_word' id='word_1_197' title='bbox 1267 4465 1313 4536; x_wconf 89' lang='lat' dir='ltr'><strong>Ill,</strong></span> <span class='ocrx_word' id='word_1_198' title='bbox 1330 4483 1357 4538; x_wconf 89' lang='lat'><strong>7,</strong></span> <span class='ocrx_word' id='word_1_199' title='bbox 1374 4483 1422 4522; x_wconf 90' lang='lat' dir='ltr'><strong>wo</strong></span> <span class='ocrx_word' id='word_1_200' title='bbox 1446 4467 1520 4523; x_wconf 85' lang='lat' dir='ltr'><strong>aber</strong></span> 
     </span>
     <span class='ocr_line' id='line_1_37' title="bbox 329 4547 869 4608; baseline 0.006 -4"><span class='ocrx_word' id='word_1_201' title='bbox 329 4556 398 4604; x_wconf 88' lang='lat' dir='ltr'><strong>statt</strong></span> <span class='ocrx_word' id='word_1_202' title='bbox 418 4547 578 4608; x_wconf 79' lang='lat' dir='ltr'><strong>auferatur:</strong></span> <span class='ocrx_word' id='word_1_203' title='bbox 596 4548 768 4606; x_wconf 80' lang='lat' dir='ltr'><strong>auferentur</strong></span> <span class='ocrx_word' id='word_1_204' title='bbox 784 4550 869 4607; x_wconf 82' lang='lat' dir='ltr'><strong>steht</strong></span> 
     </span>
    </p>
   </div>
   <div class='ocr_carea' id='block_1_6' title="bbox 0 0 1625 5048">
    <p class='ocr_par' dir='ltr' id='par_1_6' title="bbox 0 0 1625 5048">
     <span class='ocr_line' id='line_1_38' title="bbox 0 0 1625 5048; baseline 0 0"><span class='ocrx_word' id='word_1_205' title='bbox 0 0 1625 5048; x_wconf 95' lang='lat' dir='ltr'><strong> </strong></span> 
     </span>
    </p>
   </div>
  </div>
 </body>
</html>
