<?xml version="1.0" encoding="UTF-8"?>
<!DOCTYPE html PUBLIC "-//W3C//DTD XHTML 1.0 Transitional//EN"
    "http://www.w3.org/TR/xhtml1/DTD/xhtml1-transitional.dtd">
<html xmlns="http://www.w3.org/1999/xhtml" xml:lang="en" lang="en">
 <head>
  <title>
</title>
<meta http-equiv="Content-Type" content="text/html;charset=utf-8" />
  <meta name='ocr-system' content='tesseract 3.04.00' />
  <meta name='ocr-capabilities' content='ocr_page ocr_carea ocr_par ocr_line ocrx_word'/>
</head>
<body>
  <div class='ocr_page' id='page_1' title='image "./derneutestament00heidgoog_0112.png"; bbox 0 0 3198 5048; ppageno 0'>
   <div class='ocr_carea' id='block_1_1' title="bbox 642 305 850 409">
    <p class='ocr_par' dir='ltr' id='par_1_1' title="bbox 642 305 850 409">
     <span class='ocr_line' id='line_1_1' title="bbox 642 305 850 409; baseline 0.005 -37"><span class='ocrx_word' id='word_1_1' title='bbox 642 305 850 409; x_wconf 38' lang='grc' dir='ltr'><strong><em>Α</em></strong></span> 
     </span>
    </p>
   </div>
   <div class='ocr_carea' id='block_1_2' title="bbox 435 515 1059 623">
    <p class='ocr_par' dir='ltr' id='par_1_2' title="bbox 435 515 1059 623">
     <span class='ocr_line' id='line_1_2' title="bbox 435 515 1059 623; baseline -0.018 -8"><span class='ocrx_word' id='word_1_2' title='bbox 435 517 622 623; x_wconf 79' lang='lat' dir='ltr'>[oistota</span> <span class='ocrx_word' id='word_1_3' title='bbox 654 517 707 606; x_wconf 83' lang='lat' dir='ltr'>ed</span> <span class='ocrx_word' id='word_1_4' title='bbox 737 515 1003 606; x_wconf 78' lang='lat' dir='ltr'><strong>Timotheum</strong></span> <span class='ocrx_word' id='word_1_5' title='bbox 1037 515 1059 604; x_wconf 96' lang='grc' dir='ltr'>Ι.</span> 
     </span>
    </p>
   </div>
   <div class='ocr_carea' id='block_1_3' title="bbox 141 1008 1209 1404">
    <p class='ocr_par' dir='ltr' id='par_1_3' title="bbox 141 1008 1209 1404">
     <span class='ocr_line' id='line_1_3' title="bbox 208 1008 1209 1199; baseline 0.002 -23"><span class='ocrx_word' id='word_1_6' title='bbox 208 1132 243 1181; x_wconf 84' lang='lat' dir='ltr'>v.</span> <span class='ocrx_word' id='word_1_7' title='bbox 269 1113 319 1180; x_wconf 87' lang='grc'><strong>13.</strong></span> <span class='ocrx_word' id='word_1_8' title='bbox 364 1008 449 1198; x_wconf 39' lang='grc' dir='ltr'><strong><em>ἓῗιξ·</em></strong></span> <span class='ocrx_word' id='word_1_9' title='bbox 470 1010 623 1199; x_wconf 55' lang='lat' dir='ltr'>primo</span> <span class='ocrx_word' id='word_1_10' title='bbox 667 1114 717 1179; x_wconf 85' lang='lat' dir='ltr'>fui</span> <span class='ocrx_word' id='word_1_11' title='bbox 772 1111 946 1197; x_wconf 84' lang='lat' dir='ltr'>Stellung:</span> <span class='ocrx_word' id='word_1_12' title='bbox 970 1113 1068 1197; x_wconf 89' lang='lat' dir='ltr'>prius</span> <span class='ocrx_word' id='word_1_13' title='bbox 1091 1113 1137 1178; x_wconf 89' lang='lat' dir='ltr'>bl.</span> <span class='ocrx_word' id='word_1_14' title='bbox 1161 1114 1209 1178; x_wconf 89' lang='lat' dir='ltr'>fui</span> 
     </span>
     <span class='ocr_line' id='line_1_4' title="bbox 141 1215 717 1301; baseline 0.005 -22"><span class='ocrx_word' id='word_1_15' title='bbox 141 1215 372 1300; x_wconf 82' lang='lat' dir='ltr'>blasphemus</span> <span class='ocrx_word' id='word_1_16' title='bbox 395 1223 432 1285; x_wconf 88' lang='lat' dir='ltr'>et</span> <span class='ocrx_word' id='word_1_17' title='bbox 452 1223 659 1301; x_wconf 88' lang='lat' dir='ltr'>persecutor</span> <span class='ocrx_word' id='word_1_18' title='bbox 682 1222 717 1283; x_wconf 90' lang='lat' dir='ltr'>et</span> 
     </span>
     <span class='ocr_line' id='line_1_5' title="bbox 143 1317 1044 1404; baseline 0.007 -23"><span class='ocrx_word' id='word_1_19' title='bbox 143 1317 392 1404; x_wconf 77' lang='lat' dir='ltr'>iniuriosuS,</span> <span class='ocrx_word' id='word_1_20' title='bbox 428 1323 490 1386; x_wconf 88' lang='lat' dir='ltr'>sed</span> <span class='ocrx_word' id='word_1_21' title='bbox 521 1323 716 1388; x_wconf 89' lang='lat' dir='ltr'>misericor·</span> <span class='ocrx_word' id='word_1_22' title='bbox 772 1324 1044 1388; x_wconf 88' lang='lat' dir='ltr'>contumeliosus</span> 
     </span>
    </p>
   </div>
   <div class='ocr_carea' id='block_1_4' title="bbox 141 1422 1216 1611">
    <p class='ocr_par' dir='ltr' id='par_1_4' title="bbox 141 1422 1216 1611">
     <span class='ocr_line' id='line_1_6' title="bbox 141 1422 1216 1518; baseline 0.006 -32"><span class='ocrx_word' id='word_1_23' title='bbox 141 1422 240 1486; x_wconf 84' lang='lat' dir='ltr'>diem</span> <span class='ocrx_word' id='word_1_24' title='bbox 254 1423 428 1507; x_wconf 77' lang='lat' dir='ltr'>*merui,</span> <span class='ocrx_word' id='word_1_25' title='bbox 452 1426 534 1509; x_wconf 83' lang='lat' dir='ltr'>quio</span> <span class='ocrx_word' id='word_1_26' title='bbox 549 1427 716 1511; x_wconf 83' lang='lat' dir='ltr'>ignorans</span> <span class='ocrx_word' id='word_1_27' title='bbox 774 1426 790 1466; x_wconf 71' lang='lat' dir='ltr'>s</span> <span class='ocrx_word' id='word_1_28' title='bbox 811 1427 882 1518; x_wconf 87' lang='lat' dir='ltr'>Dei</span> <span class='ocrx_word' id='word_1_29' title='bbox 906 1431 1116 1493; x_wconf 87' lang='lat' dir='ltr'>consecutus</span> <span class='ocrx_word' id='word_1_30' title='bbox 1139 1445 1216 1492; x_wconf 88' lang='lat' dir='ltr'>sum</span> 
     </span>
     <span class='ocr_line' id='line_1_7' title="bbox 144 1527 257 1611; baseline 0 -19"><span class='ocrx_word' id='word_1_31' title='bbox 144 1528 219 1592; x_wconf 85' lang='lat' dir='ltr'>feci</span> <span class='ocrx_word' id='word_1_32' title='bbox 234 1527 257 1611; x_wconf 85' lang='lat'>¹)</span> 
     </span>
    </p>
   </div>
   <div class='ocr_carea' id='block_1_5' title="bbox 139 1667 1266 3942">
    <p class='ocr_par' dir='ltr' id='par_1_5' title="bbox 353 1667 508 1752">
     <span class='ocr_line' id='line_1_8' title="bbox 353 1667 508 1752; baseline 0.006 -19"><span class='ocrx_word' id='word_1_33' title='bbox 353 1667 438 1752; x_wconf 81' lang='lat' dir='ltr'>Cep.</span> <span class='ocrx_word' id='word_1_34' title='bbox 462 1669 508 1734; x_wconf 92' lang='lat' dir='ltr'>II.</span> 
     </span>
    </p>

    <p class='ocr_par' dir='ltr' id='par_1_6' title="bbox 139 1771 1266 2379">
     <span class='ocr_line' id='line_1_9' title="bbox 208 1771 1240 1840; baseline 0.002 -4"><span class='ocrx_word' id='word_1_35' title='bbox 208 1789 242 1836; x_wconf 88' lang='lat' dir='ltr'>v.</span> <span class='ocrx_word' id='word_1_36' title='bbox 266 1771 297 1839; x_wconf 83' lang='grc'>9.</span> <span class='ocrx_word' id='word_1_37' title='bbox 333 1772 415 1838; x_wconf 90' lang='lat' dir='ltr'>sint</span> <span class='ocrx_word' id='word_1_38' title='bbox 438 1773 603 1840; x_wconf 91' lang='lat' dir='ltr'>mulieres</span> <span class='ocrx_word' id='word_1_39' title='bbox 626 1793 715 1840; x_wconf 90' lang='lat' dir='ltr'>ves·</span> <span class='ocrx_word' id='word_1_40' title='bbox 768 1775 839 1839; x_wconf 90' lang='lat' dir='ltr'>sint</span> <span class='ocrx_word' id='word_1_41' title='bbox 861 1776 933 1840; x_wconf 91' lang='lat' dir='ltr'>und</span> <span class='ocrx_word' id='word_1_42' title='bbox 956 1779 1098 1840; x_wconf 82' lang='lat' dir='ltr'>vestroe</span> <span class='ocrx_word' id='word_1_43' title='bbox 1122 1774 1240 1840; x_wconf 87' lang='lat' dir='ltr'>fehlen</span> 
     </span>
     <span class='ocr_line' id='line_1_10' title="bbox 140 1877 1141 1945; baseline 0.003 -4"><span class='ocrx_word' id='word_1_44' title='bbox 140 1877 272 1942; x_wconf 78' lang='lat' dir='ltr'>trae*</span> <span class='ocrx_word' id='word_1_45' title='bbox 311 1895 391 1942; x_wconf 88' lang='lat' dir='ltr'>cum</span> <span class='ocrx_word' id='word_1_46' title='bbox 425 1880 646 1945; x_wconf 79' lang='lat' dir='ltr'>verecundia</span> <span class='ocrx_word' id='word_1_47' title='bbox 680 1885 715 1945; x_wconf 91' lang='lat' dir='ltr'>et</span> <span class='ocrx_word' id='word_1_48' title='bbox 771 1879 846 1943; x_wconf 74' lang='lat' dir='ltr'>*in</span> <span class='ocrx_word' id='word_1_49' title='bbox 870 1879 993 1944; x_wconf 86' lang='lat' dir='ltr'>habitu</span> <span class='ocrx_word' id='word_1_50' title='bbox 1017 1885 1141 1945; x_wconf 82' lang='lat' dir='ltr'>ornato</span> 
     </span>
     <span class='ocr_line' id='line_1_11' title="bbox 140 1980 1266 2068; baseline 0.002 -23"><span class='ocrx_word' id='word_1_51' title='bbox 140 1980 372 2064; x_wconf 84' lang='lat' dir='ltr'>pudicitia,</span> <span class='ocrx_word' id='word_1_52' title='bbox 413 1989 714 2068; x_wconf 81' lang='lat' dir='ltr'>componentes</span> <span class='ocrx_word' id='word_1_53' title='bbox 769 1989 807 2048; x_wconf 87' lang='lat' dir='ltr'>et</span> <span class='ocrx_word' id='word_1_54' title='bbox 827 1985 1013 2050; x_wconf 87' lang='lat' dir='ltr'>sobiietote</span> <span class='ocrx_word' id='word_1_55' title='bbox 1037 1988 1204 2050; x_wconf 78' lang='lat' dir='ltr'>ornantes</span> <span class='ocrx_word' id='word_1_56' title='bbox 1228 2002 1266 2048; x_wconf 84' lang='lat' dir='ltr'>se-</span> 
     </span>
     <span class='ocr_line' id='line_1_12' title="bbox 139 2087 847 2155; baseline 0 -4"><span class='ocrx_word' id='word_1_57' title='bbox 139 2105 181 2151; x_wconf 87' lang='lat' dir='ltr'>se</span> <span class='ocrx_word' id='word_1_58' title='bbox 198 2087 215 2124; x_wconf 77' lang='lat'>²¹⁸</span> <span class='ocrx_word' id='word_1_59' title='bbox 234 2106 305 2152; x_wconf 93' lang='lat' dir='ltr'>non</span> <span class='ocrx_word' id='word_1_60' title='bbox 341 2089 377 2153; x_wconf 92' lang='lat' dir='ltr'>in</span> <span class='ocrx_word' id='word_1_61' title='bbox 413 2089 515 2155; x_wconf 88' lang='lat' dir='ltr'>tortis</span> <span class='ocrx_word' id='word_1_62' title='bbox 556 2090 712 2154; x_wconf 81' lang='lat' dir='ltr'>crinibus</span> <span class='ocrx_word' id='word_1_63' title='bbox 771 2088 847 2151; x_wconf 83' lang='lat' dir='ltr'>*et</span> 
     </span>
     <span class='ocr_line' id='line_1_13' title="bbox 139 2197 980 2276; baseline 0.005 -22"><span class='ocrx_word' id='word_1_64' title='bbox 139 2208 277 2273; x_wconf 89' lang='lat' dir='ltr'>neque</span> <span class='ocrx_word' id='word_1_65' title='bbox 301 2208 387 2257; x_wconf 85' lang='lat' dir='ltr'>auro</span> <span class='ocrx_word' id='word_1_66' title='bbox 410 2211 544 2275; x_wconf 88' lang='lat' dir='ltr'>neque</span> <span class='ocrx_word' id='word_1_67' title='bbox 575 2212 714 2276; x_wconf 81' lang='lat' dir='ltr'>margo·</span> <span class='ocrx_word' id='word_1_68' title='bbox 769 2198 831 2258; x_wconf 81' lang='lat' dir='ltr'>eut</span> <span class='ocrx_word' id='word_1_69' title='bbox 918 2197 980 2258; x_wconf 86' lang='lat' dir='ltr'>aut</span> 
     </span>
     <span class='ocr_line' id='line_1_14' title="bbox 140 2293 612 2379; baseline 0.006 -21"><span class='ocrx_word' id='word_1_70' title='bbox 140 2293 223 2358; x_wconf 86' lang='lat' dir='ltr'>ritis</span> <span class='ocrx_word' id='word_1_71' title='bbox 241 2298 309 2359; x_wconf 79' lang='lat' dir='ltr'>unt</span> <span class='ocrx_word' id='word_1_72' title='bbox 332 2300 433 2361; x_wconf 88' lang='lat' dir='ltr'>veste</span> <span class='ocrx_word' id='word_1_73' title='bbox 450 2296 612 2379; x_wconf 86' lang='lat' dir='ltr'>pretioso</span> 
     </span>
    </p>

    <p class='ocr_par' dir='ltr' id='par_1_7' title="bbox 139 2399 993 2794">
     <span class='ocr_line' id='line_1_15' title="bbox 208 2399 861 2484; baseline 0.006 -21"><span class='ocrx_word' id='word_1_74' title='bbox 208 2399 260 2466; x_wconf 91' lang='lat'>10.</span> <span class='ocrx_word' id='word_1_75' title='bbox 284 2400 347 2465; x_wconf 86' lang='lat' dir='ltr'>sed</span> <span class='ocrx_word' id='word_1_76' title='bbox 362 2405 405 2465; x_wconf 90' lang='lat' dir='ltr'>ut</span> <span class='ocrx_word' id='word_1_77' title='bbox 423 2401 714 2482; x_wconf 86' lang='lat' dir='ltr'>decetmulieres,</span> <span class='ocrx_word' id='word_1_78' title='bbox 769 2403 861 2484; x_wconf 93' lang='lat' dir='ltr'>quod</span> 
     </span>
     <span class='ocr_line' id='line_1_16' title="bbox 141 2503 937 2590; baseline 0.006 -23"><span class='ocrx_word' id='word_1_79' title='bbox 141 2503 389 2587; x_wconf 85' lang='lat' dir='ltr'>promittentes</span> <span class='ocrx_word' id='word_1_80' title='bbox 434 2506 714 2570; x_wconf 81' lang='lat' dir='ltr'>castitatem</span> <span class='ocrx_word' id='word_1_81' title='bbox 767 2509 937 2590; x_wconf 77' lang='lat' dir='ltr'>pietatem</span> 
     </span>
     <span class='ocr_line' id='line_1_17' title="bbox 139 2607 993 2694; baseline 0.007 -24"><span class='ocrx_word' id='word_1_82' title='bbox 139 2624 207 2690; x_wconf 86' lang='lat' dir='ltr'>per</span> <span class='ocrx_word' id='word_1_83' title='bbox 249 2607 401 2672; x_wconf 85' lang='lat' dir='ltr'>bonam</span> <span class='ocrx_word' id='word_1_84' title='bbox 448 2612 714 2676; x_wconf 84' lang='lat' dir='ltr'>conversati·</span> <span class='ocrx_word' id='word_1_85' title='bbox 768 2612 993 2694; x_wconf 80' lang='lat' dir='ltr'>operabona</span> 
     </span>
     <span class='ocr_line' id='line_1_18' title="bbox 142 2710 313 2794; baseline 0 -18"><span class='ocrx_word' id='word_1_86' title='bbox 142 2710 313 2794; x_wconf 83' lang='lat' dir='ltr'>onem²)</span> 
     </span>
    </p>

    <p class='ocr_par' dir='ltr' id='par_1_8' title="bbox 140 2816 849 2990">
     <span class='ocr_line' id='line_1_19' title="bbox 205 2816 803 2887; baseline 0.008 -8"><span class='ocrx_word' id='word_1_87' title='bbox 205 2816 304 2881; x_wconf 87' lang='lat' dir='ltr'><strong>v.11.</strong></span> <span class='ocrx_word' id='word_1_88' title='bbox 328 2816 455 2881; x_wconf 86' lang='lat' dir='ltr'>mulier</span> <span class='ocrx_word' id='word_1_89' title='bbox 469 2835 560 2882; x_wconf 91' lang='lat' dir='ltr'>cum</span> <span class='ocrx_word' id='word_1_90' title='bbox 575 2821 713 2887; x_wconf 87' lang='lat' dir='ltr'>silentio</span> <span class='ocrx_word' id='word_1_91' title='bbox 768 2821 803 2884; x_wconf 89' lang='lat' dir='ltr'>in</span> 
     </span>
     <span class='ocr_line' id='line_1_20' title="bbox 140 2919 849 2990; baseline 0.007 -7"><span class='ocrx_word' id='word_1_92' title='bbox 140 2919 257 2985; x_wconf 88' lang='lat' dir='ltr'>discat</span> <span class='ocrx_word' id='word_1_93' title='bbox 279 2921 325 2985; x_wconf 90' lang='lat' dir='ltr'>in</span> <span class='ocrx_word' id='word_1_94' title='bbox 349 2921 442 2986; x_wconf 92' lang='lat' dir='ltr'>omni</span> <span class='ocrx_word' id='word_1_95' title='bbox 466 2923 683 2990; x_wconf 85' lang='lat' dir='ltr'>subiectione</span> <span class='ocrx_word' id='word_1_96' title='bbox 768 2943 849 2989; x_wconf 91' lang='lat' dir='ltr'>cum</span> 
     </span>
    </p>

    <p class='ocr_par' dir='ltr' id='par_1_9' title="bbox 140 3021 1205 3419">
     <span class='ocr_line' id='line_1_21' title="bbox 210 3021 713 3094; baseline 0.008 -4"><span class='ocrx_word' id='word_1_97' title='bbox 210 3021 262 3092; x_wconf 83' lang='lat'>12.</span> <span class='ocrx_word' id='word_1_98' title='bbox 286 3026 415 3091; x_wconf 90' lang='lat' dir='ltr'>docere</span> <span class='ocrx_word' id='word_1_99' title='bbox 439 3030 557 3092; x_wconf 84' lang='lat' dir='ltr'>autem</span> <span class='ocrx_word' id='word_1_100' title='bbox 575 3030 713 3094; x_wconf 90' lang='lat' dir='ltr'>mulieri</span> 
     </span>
     <span class='ocr_line' id='line_1_22' title="bbox 141 3131 930 3217; baseline 0.005 -25"><span class='ocrx_word' id='word_1_101' title='bbox 141 3147 212 3194; x_wconf 93' lang='lat' dir='ltr'>non</span> <span class='ocrx_word' id='word_1_102' title='bbox 264 3131 549 3214; x_wconf 87' lang='lat' dir='ltr'>permittitur,</span> <span class='ocrx_word' id='word_1_103' title='bbox 598 3152 713 3216; x_wconf 87' lang='lat' dir='ltr'>nequo</span> <span class='ocrx_word' id='word_1_104' title='bbox 766 3133 930 3217; x_wconf 87' lang='lat' dir='ltr'>permitto</span> 
     </span>
     <span class='ocr_line' id='line_1_23' title="bbox 141 3231 1205 3321; baseline 0.007 -25"><span class='ocrx_word' id='word_1_105' title='bbox 141 3231 315 3298; x_wconf 80' lang='lat' dir='ltr'>dominari</span> <span class='ocrx_word' id='word_1_106' title='bbox 338 3233 430 3298; x_wconf 89' lang='lat' dir='ltr'>viro</span> <span class='ocrx_word' id='word_1_107' title='bbox 450 3253 521 3299; x_wconf 91' lang='lat' dir='ltr'>suo</span> <span class='ocrx_word' id='word_1_108' title='bbox 540 3233 620 3321; x_wconf 91' lang='lat' dir='ltr'>(sed</span> <span class='ocrx_word' id='word_1_109' title='bbox 635 3257 712 3304; x_wconf 88' lang='lat' dir='ltr'>esse</span> <span class='ocrx_word' id='word_1_110' title='bbox 766 3238 802 3302; x_wconf 90' lang='lat' dir='ltr'>in</span> <span class='ocrx_word' id='word_1_111' title='bbox 825 3238 941 3303; x_wconf 83' lang='lat' dir='ltr'>virum</span> <span class='ocrx_word' id='word_1_112' title='bbox 968 3279 971 3285; x_wconf 90' lang='lat'><em>-</em></span> <span class='ocrx_word' id='word_1_113' title='bbox 1004 3277 1006 3282; x_wconf 67' lang='lat'>,</span> <span class='ocrx_word' id='word_1_114' title='bbox 1030 3255 1092 3302; x_wconf 90' lang='lat' dir='ltr'>suo</span> <span class='ocrx_word' id='word_1_115' title='bbox 1115 3238 1205 3303; x_wconf 84' lang='lat' dir='ltr'>fehlt</span> 
     </span>
     <span class='ocr_line' id='line_1_24' title="bbox 140 3335 352 3419; baseline 0.014 -19"><span class='ocrx_word' id='word_1_116' title='bbox 140 3335 177 3400; x_wconf 91' lang='lat' dir='ltr'>in</span> <span class='ocrx_word' id='word_1_117' title='bbox 199 3337 352 3419; x_wconf 89' lang='lat' dir='ltr'>silentio)</span> 
     </span>
    </p>

    <p class='ocr_par' dir='ltr' id='par_1_10' title="bbox 139 3441 1239 3942">
     <span class='ocr_line' id='line_1_25' title="bbox 206 3441 711 3529; baseline 0.008 -21"><span class='ocrx_word' id='word_1_118' title='bbox 206 3441 257 3514; x_wconf 85' lang='lat'>13.</span> <span class='ocrx_word' id='word_1_119' title='bbox 303 3444 421 3508; x_wconf 82' lang='lat' dir='ltr'>Adam</span> <span class='ocrx_word' id='word_1_120' title='bbox 452 3445 547 3510; x_wconf 90' lang='lat' dir='ltr'>enim</span> <span class='ocrx_word' id='word_1_121' title='bbox 578 3446 711 3529; x_wconf 91' lang='lat' dir='ltr'>primus</span> 
     </span>
     <span class='ocr_line' id='line_1_26' title="bbox 139 3545 869 3634; baseline 0.007 -25"><span class='ocrx_word' id='word_1_122' title='bbox 139 3545 311 3612; x_wconf 81' lang='lat' dir='ltr'>formatus</span> <span class='ocrx_word' id='word_1_123' title='bbox 342 3552 405 3629; x_wconf 88' lang='lat' dir='ltr'>est,</span> <span class='ocrx_word' id='word_1_124' title='bbox 444 3548 574 3618; x_wconf 81' lang='lat' dir='ltr'>deinde</span> <span class='ocrx_word' id='word_1_125' title='bbox 596 3550 710 3634; x_wconf 83' lang='lat' dir='ltr'>Eva,</span> <span class='ocrx_word' id='word_1_126' title='bbox 765 3549 869 3615; x_wconf 87' lang='lat' dir='ltr'>Heva</span> 
     </span>
     <span class='ocr_line' id='line_1_27' title="bbox 140 3652 1239 3720; baseline 0.001 -4"><span class='ocrx_word' id='word_1_127' title='bbox 140 3655 176 3716; x_wconf 87' lang='lat' dir='ltr'>et</span> <span class='ocrx_word' id='word_1_128' title='bbox 219 3652 334 3718; x_wconf 82' lang='lat' dir='ltr'>Adam</span> <span class='ocrx_word' id='word_1_129' title='bbox 387 3654 585 3719; x_wconf 89' lang='lat' dir='ltr'>seductus</span> <span class='ocrx_word' id='word_1_130' title='bbox 629 3673 710 3718; x_wconf 90' lang='lat' dir='ltr'>non</span> <span class='ocrx_word' id='word_1_131' title='bbox 765 3653 878 3720; x_wconf 77' lang='lat' dir='ltr'>stoli:</span> <span class='ocrx_word' id='word_1_132' title='bbox 902 3673 972 3719; x_wconf 92' lang='lat' dir='ltr'>non</span> <span class='ocrx_word' id='word_1_133' title='bbox 996 3658 1049 3720; x_wconf 87' lang='lat' dir='ltr'>est</span> <span class='ocrx_word' id='word_1_134' title='bbox 1072 3655 1239 3719; x_wconf 89' lang='lat' dir='ltr'>seductus</span> 
     </span>
     <span class='ocr_line' id='line_1_28' title="bbox 140 3757 1179 3844; baseline 0.003 -24"><span class='ocrx_word' id='word_1_135' title='bbox 140 3761 215 3838; x_wconf 88' lang='lat' dir='ltr'>est,</span> <span class='ocrx_word' id='word_1_136' title='bbox 238 3757 364 3822; x_wconf 89' lang='lat' dir='ltr'>mulier</span> <span class='ocrx_word' id='word_1_137' title='bbox 387 3762 505 3823; x_wconf 82' lang='lat' dir='ltr'>autem</span> <span class='ocrx_word' id='word_1_138' title='bbox 529 3759 709 3824; x_wconf 69' lang='lat' dir='ltr'>seducta*</span> <span class='ocrx_word' id='word_1_139' title='bbox 766 3759 783 3798; x_wconf 74' lang='lat' dir='ltr'>s</span> <span class='ocrx_word' id='word_1_140' title='bbox 807 3760 843 3824; x_wconf 92' lang='lat' dir='ltr'>in</span> <span class='ocrx_word' id='word_1_141' title='bbox 866 3759 1179 3844; x_wconf 80' lang='lat' dir='ltr'>praevaricatione</span> 
     </span>
     <span class='ocr_line' id='line_1_29' title="bbox 139 3857 830 3942; baseline 0.006 -18"><span class='ocrx_word' id='word_1_142' title='bbox 139 3862 224 3924; x_wconf 82' lang='lat' dir='ltr'>cst.</span> <span class='ocrx_word' id='word_1_143' title='bbox 239 3857 264 3942; x_wconf 86' lang='lat'>³)</span> <span class='ocrx_word' id='word_1_144' title='bbox 764 3863 830 3928; x_wconf 86' lang='lat' dir='ltr'>fuit</span> 
     </span>
    </p>
   </div>
   <div class='ocr_carea' id='block_1_6' title="bbox 138 4015 1334 4440">
    <p class='ocr_par' dir='ltr' id='par_1_11' title="bbox 138 4015 1334 4440">
     <span class='ocr_line' id='line_1_30' title="bbox 339 4015 1196 4084; baseline -0.004 -3"><span class='ocrx_word' id='word_1_145' title='bbox 339 4015 389 4081; x_wconf 85' lang='lat' dir='ltr'>Ca</span> <span class='ocrx_word' id='word_1_146' title='bbox 417 4067 424 4081; x_wconf 93' lang='lat'><strong><em>.</em></strong></span> <span class='ocrx_word' id='word_1_147' title='bbox 452 4017 512 4084; x_wconf 93' lang='lat' dir='ltr'>IV.</span> <span class='ocrx_word' id='word_1_148' title='bbox 1194 4074 1196 4078; x_wconf 87' lang='lat'>.</span> 
     </span>
     <span class='ocr_line' id='line_1_31' title="bbox 204 4036 1333 4193; baseline 0.009 -9"><span class='ocrx_word' id='word_1_149' title='bbox 204 4139 238 4188; x_wconf 89' lang='lat' dir='ltr'>v.</span> <span class='ocrx_word' id='word_1_150' title='bbox 263 4119 313 4187; x_wconf 79' lang='lat' dir='ltr'>tt.</span> <span class='ocrx_word' id='word_1_151' title='bbox 359 4036 580 4190; x_wconf 51' lang='lat' dir='ltr'>iuluentutem</span> <span class='ocrx_word' id='word_1_152' title='bbox 612 4129 709 4190; x_wconf 82' lang='lat' dir='ltr'>tuem</span> <span class='ocrx_word' id='word_1_153' title='bbox 763 4142 867 4189; x_wconf 92' lang='lat' dir='ltr'>nemo</span> <span class='ocrx_word' id='word_1_154' title='bbox 912 4123 1191 4190; x_wconf 83' lang='lat' dir='ltr'>adolescentiam</span> <span class='ocrx_word' id='word_1_155' title='bbox 1235 4131 1333 4193; x_wconf 85' lang='lat' dir='ltr'>tuam</span> 
     </span>
     <span class='ocr_line' id='line_1_32' title="bbox 138 4225 1030 4314; baseline 0.008 -25"><span class='ocrx_word' id='word_1_156' title='bbox 138 4244 241 4314; x_wconf 85' lang='lat' dir='ltr'>nemo</span> <span class='ocrx_word' id='word_1_157' title='bbox 265 4226 450 4309; x_wconf 85' lang='lat' dir='ltr'>despiciat.</span> <span class='ocrx_word' id='word_1_158' title='bbox 466 4225 495 4313; x_wconf 76' lang='grc'>4)</span> <span class='ocrx_word' id='word_1_159' title='bbox 807 4230 1030 4298; x_wconf 85' lang='lat' dir='ltr'>condemnat.</span> 
     </span>
     <span class='ocr_line' id='line_1_33' title="bbox 244 4363 1334 4440; baseline 0.007 -23"><span class='ocrx_word' id='word_1_160' title='bbox 244 4363 263 4429; x_wconf 79' lang='lat'>¹)</span> <span class='ocrx_word' id='word_1_161' title='bbox 282 4365 342 4434; x_wconf 88' lang='lat'>787,</span> <span class='ocrx_word' id='word_1_162' title='bbox 371 4379 404 4418; x_wconf 87' lang='lat'>12</span> <span class='ocrx_word' id='word_1_163' title='bbox 431 4381 600 4435; x_wconf 85' lang='lat' dir='ltr'>ep.73,13.</span> <span class='ocrx_word' id='word_1_164' title='bbox 629 4396 663 4406; x_wconf 95' lang='lat'>-</span> <span class='ocrx_word' id='word_1_165' title='bbox 690 4371 711 4438; x_wconf 81' lang='lat'>²)</span> <span class='ocrx_word' id='word_1_166' title='bbox 732 4371 843 4440; x_wconf 83' lang='lat'>148,12</span> <span class='ocrx_word' id='word_1_167' title='bbox 868 4367 973 4422; x_wconf 87' lang='lat' dir='ltr'>testim.</span> <span class='ocrx_word' id='word_1_168' title='bbox 994 4367 1039 4438; x_wconf 90' lang='lat'>111,</span> <span class='ocrx_word' id='word_1_169' title='bbox 1057 4369 1093 4438; x_wconf 91' lang='grc'>36</span> <span class='ocrx_word' id='word_1_170' title='bbox 1111 4386 1137 4423; x_wconf 91' lang='lat' dir='ltr'>u.</span> <span class='ocrx_word' id='word_1_171' title='bbox 1157 4384 1215 4438; x_wconf 86' lang='lat'>193,</span> <span class='ocrx_word' id='word_1_172' title='bbox 1243 4387 1279 4424; x_wconf 86' lang='lat'>20</span> <span class='ocrx_word' id='word_1_173' title='bbox 1297 4371 1334 4425; x_wconf 91' lang='lat' dir='ltr'>de</span> 
     </span>
    </p>
   </div>
   <div class='ocr_carea' id='block_1_7' title="bbox 137 4447 1335 4610">
    <p class='ocr_par' dir='ltr' id='par_1_12' title="bbox 137 4447 1335 4610">
     <span class='ocr_line' id='line_1_34' title="bbox 137 4447 1335 4528; baseline 0.007 -25"><span class='ocrx_word' id='word_1_174' title='bbox 137 4447 203 4503; x_wconf 84' lang='lat' dir='ltr'>hab.</span> <span class='ocrx_word' id='word_1_175' title='bbox 222 4448 297 4520; x_wconf 87' lang='lat' dir='ltr'>virg.</span> <span class='ocrx_word' id='word_1_176' title='bbox 315 4451 343 4518; x_wconf 81' lang='lat'>8,</span> <span class='ocrx_word' id='word_1_177' title='bbox 361 4467 408 4504; x_wconf 90' lang='lat' dir='ltr'>wo</span> <span class='ocrx_word' id='word_1_178' title='bbox 427 4449 502 4505; x_wconf 86' lang='lat' dir='ltr'>nach</span> <span class='ocrx_word' id='word_1_179' title='bbox 521 4451 589 4505; x_wconf 90' lang='lat' dir='ltr'>dem</span> <span class='ocrx_word' id='word_1_180' title='bbox 608 4463 705 4509; x_wconf 86' lang='lat' dir='ltr'>ersten</span> <span class='ocrx_word' id='word_1_181' title='bbox 727 4455 867 4510; x_wconf 86' lang='lat' dir='ltr'>mulieres</span> <span class='ocrx_word' id='word_1_182' title='bbox 885 4455 938 4509; x_wconf 88' lang='lat' dir='ltr'>das</span> <span class='ocrx_word' id='word_1_183' title='bbox 956 4465 1074 4510; x_wconf 85' lang='lat' dir='ltr'>vestrae</span> <span class='ocrx_word' id='word_1_184' title='bbox 1092 4455 1170 4510; x_wconf 83' lang='lat' dir='ltr'>fehlt.</span> <span class='ocrx_word' id='word_1_185' title='bbox 1191 4453 1263 4526; x_wconf 77' lang='lat'>-&#39;⁸)</span> <span class='ocrx_word' id='word_1_186' title='bbox 1277 4474 1335 4528; x_wconf 89' lang='lat'>152,</span> 
     </span>
     <span class='ocr_line' id='line_1_35' title="bbox 139 4535 858 4610; baseline 0.007 -20"><span class='ocrx_word' id='word_1_187' title='bbox 139 4537 159 4590; x_wconf 90' lang='lat'><strong>6</strong></span> <span class='ocrx_word' id='word_1_188' title='bbox 178 4545 242 4592; x_wconf 81' lang='lat' dir='ltr'>test</span> <span class='ocrx_word' id='word_1_189' title='bbox 264 4536 311 4606; x_wconf 87' lang='lat'>111,</span> <span class='ocrx_word' id='word_1_190' title='bbox 329 4537 371 4607; x_wconf 87' lang='lat'>46.</span> <span class='ocrx_word' id='word_1_191' title='bbox 390 4567 424 4576; x_wconf 97' lang='lat'>-</span> <span class='ocrx_word' id='word_1_192' title='bbox 442 4537 464 4608; x_wconf 86' lang='lat'>⁴)</span> <span class='ocrx_word' id='word_1_193' title='bbox 484 4554 546 4609; x_wconf 85' lang='lat'>472,</span> <span class='ocrx_word' id='word_1_194' title='bbox 563 4555 579 4610; x_wconf 92' lang='lat'><strong>7</strong></span> <span class='ocrx_word' id='word_1_195' title='bbox 598 4556 644 4610; x_wconf 84' lang='lat' dir='ltr'>ep.</span> <span class='ocrx_word' id='word_1_196' title='bbox 665 4556 689 4609; x_wconf 90' lang='grc'>3.</span> <span class='ocrx_word' id='word_1_197' title='bbox 851 4535 858 4546; x_wconf 86' lang='grc'><strong>”</strong></span> 
     </span>
    </p>
   </div>
   <div class='ocr_carea' id='block_1_8' title="bbox 0 0 1604 5048">
    <p class='ocr_par' dir='ltr' id='par_1_13' title="bbox 0 0 1604 5048">
     <span class='ocr_line' id='line_1_36' title="bbox 0 0 1604 5048; baseline 0 1"><span class='ocrx_word' id='word_1_198' title='bbox 0 0 1604 5048; x_wconf 95' lang='lat' dir='ltr'> </span> 
     </span>
    </p>
   </div>
  </div>
 </body>
</html>
