3236 5056
866 345 907 410 12

778 437 986 447 ——

425 642 696 731 cyprianus
877 600 882 784 Ι

284 875 320 935 et
342 872 454 936 malos
477 877 513 937 et
543 873 633 956 pluit
665 892 774 957 super
804 876 852 938 iu-

283 979 319 1040 et
342 976 498 1044 iniustos,
628 1057 630 1061 v
879 1019 882 1072 Ι

348 1079 400 1147 46.
425 1080 461 1146 Si
484 1082 577 1148 enim
606 1083 853 1149 dilexeritis
879 1080 881 1125 Ι

283 1203 353 1266 eos,
385 1186 531 1268 quivos
554 1188 713 1271 diligunt,
747 1207 854 1271 quam

282 1290 484 1354 mercedem
499 1290 701 1357 habebitis?
728 1293 853 1360 Nonne

284 1397 319 1457 et
341 1393 523 1476 publicani
545 1395 613 1459 sio
635 1397 798 1462 faciunt?
906 1393 974 1456 hoo

346 1497 399 1564 47.
418 1499 507 1564 Etsi
526 1501 767 1568 salutaveritis
785 1505 853 1568 fra-

282 1604 355 1666 tres
394 1607 532 1668 vestros
568 1609 726 1684 tantum,
770 1607 852 1690 quid

283 1707 434 1791 amplius
469 1709 614 1775 facitis?
658 1711 783 1779 Nonne
819 1717 855 1778 et

283 1810 416 1876 ethnici
439 1813 480 1876 id
503 1813 638 1897 ipsum
660 1816 823 1882 faciunt?
907 1807 976 1872 hoo

347 1915 399 1982 48,
433 1916 565 1982 Eritis
597 1920 743 2003 itaque
780 1941 854 1986 vos
908 1915 1020 1977 estote
1043 1928 1127 1992 ergo
1143 1927 1209 1974 vos
1227 1911 1314 1992 perf.
1338 1911 1429 1974 sicut
1443 1916 1481 1976 et

284 2020 443 2103 perfecti,
497 2026 710 2104 quomodo
751 2032 855 2109 pater
951 2019 1150 2098 pater...

282 2129 403 2188 vester
456 2127 621 2191 caelestis
675 2130 854 2211 perfectus

284 2229 386 2310 est1)

348 2335 447 2418 Degl.
471 2336 618 2400 audistis
643 2386 699 2403 ...
724 2341 760 2401 et
783 2338 853 2402 odi-

283 2439 852 2523 bis....orateprohis...

283 2548 322 2608 ut
344 2544 419 2608 sitis
442 2544 574 2609 similes
597 2597 604 2610 .
630 2595 639 2612 .
663 2595 671 2612 .
695 2595 702 2610 .
727 2547 786 2628 qui
817 2548 853 2610 in

284 2648 394 2712 caelis
429 2654 481 2713 est
516 2649 576 2731 qui
611 2649 722 2713 solem
753 2669 852 2714 suum

285 2753 369 2817 oriri
408 2753 496 2818 facit
536 2773 642 2838 super
677 2756 786 2820 bones
819 2763 854 2822 et

283 2857 396 2920 malos
419 2862 455 2922 et
477 2857 567 2940 pluit
604 2875 710 2941 super
745 2860 854 2924 iustos

284 2966 320 3026 et
343 2962 501 3028 iniustos.
518 2961 547 3048 ²]

348 3067 483 3150 diligite
517 3069 677 3132 inimicos
714 3073 853 3134 vestros

284 3175 319 3237 et
342 3177 439 3238 orate
463 3191 526 3256 pro
545 3173 598 3237 his
615 3173 674 3256 qui
692 3191 756 3237 vos
776 3191 853 3256 per-

284 3281 462 3360 secuntur,
498 3282 536 3342 ut
559 3277 634 3342 sitis
657 3276 719 3341 filii
742 3278 854 3359 patris

283 3381 404 3463 vestri,
428 3381 488 3463 qui
510 3386 563 3446 est
585 3382 622 3444 in
645 3381 765 3462 caelis,
796 3381 856 3462 qui

283 3485 393 3551 solem
416 3540 423 3556 .
444 3539 451 3552 .
476 3539 483 3554 .
508 3487 664 3552 iniustos.
679 3485 709 3572 3)

483 3589 570 3673 Cap.
594 3589 651 3660 VI.

347 3692 423 3762 v.2.
448 3693 546 3760 Cum
563 3696 854 3760 faciseleemos-
909 3699 995 3765 Cum
1019 3717 1103 3782 ergo
1127 3751 1135 3766 .
1160 3751 1167 3765 .
1191 3751 1199 3766 .

284 3815 394 3879 ynam
416 3799 488 3862 noli
510 3800 597 3864 tuba
620 3815 750 3864 canere
769 3803 853 3864 ante

283 3910 328 3988 te,
362 3905 453 3970 siout
475 3904 685 3989 hypocritae
707 3904 852 3985 faciunt,

284 4009 320 4072 in
342 4009 448 4072 vicis
471 4013 511 4073 et
534 4009 781 4092 synagogis²
814 4014 853 4073 ut
906 4013 942 4076 in
966 4011 1157 4094 synagogis
1181 4010 1273 4075 etin
1297 4009 1387 4073 vicis

284 4115 851 4180 clarificenturabhominibus.
906 4117 1181 4180 honorificentur

283 4220 396 4284 Amen
435 4219 513 4283 dico
551 4220 662 4303 vobio,
702 4239 852 4304 perce·
906 4224 1121 4302 receperunt

284 4329 437 4405 perant
467 4324 667 4388 mercedem
700 4343 810 4389 suam.
827 4324 852 4405 4)

907 1081 1050 1162 omaus

389 4480 409 4550 ¹)
427 4497 488 4550 400,
509 4497 549 4550 14.
568 4509 602 4519 -
621 4479 753 4534 debono
772 4481 878 4550 patien.
897 4493 922 4549 5.
949 4508 983 4517 -
1004 4481 1027 4548 ²)
1052 4495 1111 4548 429,
1130 4495 1174 4546 22,
1193 4478 1230 4532 de
1248 4477 1300 4532 zel.
1322 4485 1351 4531 et
1369 4476 1417 4532 liv.
1438 4493 1479 4548 15.

288 4599 314 4608 -
337 4569 357 4638 ³)
380 4585 437 4640 153,
455 4586 498 4622 22.
517 4599 550 4608 -
570 4567 676 4622 testim.
695 4565 739 4636 ΙΙΙ,
758 4585 799 4637 49.
820 4597 849 4605 -
871 4567 892 4635 ⁴)
914 4581 972 4636 150,
989 4584 1014 4636 4.
1034 4595 1067 4604 -
1085 4566 1191 4621 testim.
1211 4564 1255 4629 ΙΙΙ,
1273 4581 1315 4634 40.
