3198 5048
666 363 717 442 tt

592 461 800 472 ——....-.-

240 667 510 756 Cyprianus
742 741 744 746 ,
902 667 1108 754 Vulgata

107 807 286 814 -—-—--—-
694 806 834 816 -0-0.

83 895 299 976 scurrilitaS,
323 914 414 978 quae
437 896 483 961 ad
502 914 575 961 rem
594 914 664 961 non

83 1000 265 1083 pertinet,
310 1019 387 1065 nee
428 999 665 1067 nominetur
718 1000 812 1066 steht
834 1001 892 1067 bei
914 1020 951 1069 V.
974 1001 1004 1068 3.

83 1103 136 1167 in
160 1103 299 1168 vobis
319 1103 348 1192 ¹)

155 1225 191 1271 v.
216 1207 245 1276 5.
291 1207 360 1272 hoe
398 1207 493 1274 enim
537 1209 663 1274 scitote

83 1311 347 1394 intelligentes,
393 1311 504 1395 quia
549 1311 661 1377 omnis
717 1315 810 1396 quod

83 1417 286 1482 fornicator
308 1419 370 1482 aut
384 1416 583 1482 immundus
601 1420 663 1481 aut

84 1522 379 1604 fraudulator,
397 1523 491 1606 quod
505 1526 559 1588 est
574 1520 662 1586 ido·
715 1540 847 1588 avarus

84 1627 283 1710 lolatrie,
315 1646 386 1693 non
408 1629 518 1694 habet
539 1627 661 1693 haere·
714 1628 887 1692 idolorum
910 1627 1064 1694 servitus

85 1730 238 1796 ditatem
272 1731 309 1795 in
340 1749 450 1815 regno
474 1729 604 1798 Christi
626 1736 662 1798 et

85 1836 168 1905 Dei.
184 1834 213 1922 2)

154 1958 189 2006 v.
205 1938 235 2010 6.
258 1958 361 2005 nemo
379 1957 444 2005 vos
463 1938 661 2023 decipiat
714 1939 863 2004 seducat

85 2043 254 2108 inanibus
276 2043 396 2109 verbis
403 2069 412 2129 3
430 2048 661 2127 propterea
713 2047 859 2126 propter
882 2043 973 2108 haee

86 2147 184 2212 enim
215 2146 314 2212 venit
344 2147 399 2212 ira
421 2147 489 2213 Dei
522 2165 661 2231 super
712 2149 749 2214 in

85 2253 179 2316 filios
203 2253 540 2318 contumaciae
714 2254 932 2320 diffidentiae

155 2355 186 2424 7.
225 2357 334 2423 nolite
357 2375 442 2441 ergo
465 2374 558 2424 esse
581 2372 660 2439 par·
714 2358 807 2439 effici

85 2461 216 2543 tieipes
239 2477 369 2525 eorum.
386 2458 419 2546 .³)

153 2582 188 2632 v.
222 2563 275 2632 25.
341 2563 500 2630 Christus
536 2563 661 2628 dilexit

85 2669 289 2750 eeclesiam,
308 2673 344 2734 et
366 2687 404 2734 se
425 2669 541 2752 ipsum
554 2667 661 2732 tradi-

87 2774 142 2838 dit
165 2791 229 2856 pro
256 2791 309 2854 ea,

155 2875 209 2942 26.
232 2881 271 2940 ut
294 2895 386 2941 eam
418 2875 660 2941 sanctificaret
714 2875 812 2942 illam

84 2998 304 3064 purgans
359 2998 459 3046 eam
512 2981 660 3045 lavacro
714 2982 888 3046 mundans
975 2999 1054 3046 eain
1077 2980 1165 3046 fehlt

85 3103 205 3168 aquae
219 3083 248 3170 4)

153 3206 188 3254 v.
211 3188 264 3254 31.
287 3191 434 3272 propter
465 3188 533 3254 hoe
556 3188 660 3254 relin-

86 3297 173 3376 quet
203 3293 307 3357 homo
337 3298 478 3376 patrem
512 3298 548 3360 et
574 3297 661 3359 mat

84 3397 208 3478 renn*
232 3401 268 3462 et
290 3400 393 3462 erunt
416 3397 484 3462 duo
500 3397 536 3462 in
552 3415 661 3464 carne
716 3398 733 3438 i‘
758 3416 858 3464 suam

85 3519 170 3566 una.

153 3603 206 3672 32.
244 3609 525 3670 sacramentum
548 3606 660 3672 istud
713 3608 781 3672 hoc

84 3726 255 3792 magnum
272 3713 334 3791 est,
351 3727 416 3792 ego
431 3714 550 3776 autem
569 3710 658 3791 dice,

85 3811 658 3895 inchristumetecolesiami)
712 3813 869 3880 Ablativ.

292 3934 377 4019 Gap.
400 3936 460 4004 VI.

152 4057 187 4104 v.
225 4039 255 4104 1.
301 4039 390 4122 Filii,
427 4041 659 4122 obsequen·
713 4039 854 4105 obedite

86 4148 151 4208 tes
173 4147 310 4209 estote
337 4144 544 4227 parentibus
566 4147 659 4209 vest·

86 4247 137 4313 ris
161 4247 190 4330 ³¹¹,
213 4248 281 4314 hoe
304 4248 397 4313 enim
420 4252 473 4314 est
495 4248 636 4315 instum.
714 4247 731 4284 ³⁹
755 4246 792 4312 in
814 4245 964 4311 Domino

193 4403 212 4473 ¹)
233 4419 293 4474 150»
309 4421 328 4474 9
346 4403 450 4458 testim·
470 4402 514 4474 111,
532 4420 576 4474 41·
594 4432 628 4442 -
650 4404 671 4473 ²)
689 4402 751 4473 ⁶45,
771 4418 784 4456 1
804 4419 851 4473 el)-
869 4415 973 4472 5521·
1003 4429 1038 4439 -
1065 4401 1086 4466 ⁸)
1105 4412 1166 4470 595,
1186 4399 1219 4453 18
1237 4414 1283 4470 el>-

86 4508 131 4564 43,
148 4493 166 4546 6
172 4508 180 4560 ;
198 4507 258 4564 725,
279 4508 310 4563 17
329 4509 376 4564 ep.
392 4492 438 4562 65,
455 4507 486 4562 55
503 4508 564 4562 231,
586 4508 599 4546 1
619 4491 656 4546 de
675 4489 778 4548 cathol.
797 4489 865 4543 ecel.
886 4489 943 4544 uni.
962 4490 1081 4560 ²3·-‘l
1101 4502 1162 4558 751,
1182 4502 1218 4540 20
1235 4503 1283 4548 en.

86 4581 130 4650 69,
147 4596 165 4634 2
184 4597 209 4635 ιι
227 4582 289 4651 ⁸04,
305 4596 324 4650 9
341 4597 387 4651 ep·
407 4595 450 4650 74,
466 4580 491 4634 ⁶-
512 4609 546 4620 -
563 4579 585 4648 ⁸)
605 4579 668 4649 617,
685 4595 704 4648 9
721 4594 769 4649 ep·
787 4592 831 4647 52,
852 4593 873 4630 1·
1147 4677 1182 4735 U
