3198 5048
422 671 693 762 Cyprianus
1084 671 1290 754 Vulgata

343 918 378 963 v.
398 900 448 965 ll.
486 899 520 964 si
544 900 650 964 enim
674 918 848 964 commo·
901 920 985 966 nam
1008 902 1038 966 si
1060 901 1268 967 commortui
1289 917 1418 982 sumus,

278 1003 422 1085 rimur,
446 1008 482 1068 et
505 1003 755 1084 convivemus;

342 1125 376 1174 n.
401 1106 451 1174 12.
482 1109 511 1173 si
539 1109 790 1187 toleramus,
814 1111 849 1171 et
901 1110 1159 1189 sustinebimus,

278 1212 583 1296 conregnabimus,
594 1213 832 1294 sinegamus
839 1259 847 1293 ,
900 1214 1151 1296 negaverimus

279 1322 315 1384 et
337 1317 426 1401 ipse
448 1317 594 1398 negabit
617 1335 690 1381 nos.
711 1315 739 1402 ¹)
901 1317 962 1383 ille

341 1439 377 1486 u.
401 1421 452 1488 11.
493 1439 608 1486 sermo
650 1439 771 1486 eorum
809 1424 847 1485 ut

278 1543 411 1592 cancer
433 1525 552 1609 serpit.
567 1523 597 1610 2)

341 1649 377 1697 v.
400 1629 452 1696 20.
497 1630 680 1694 indomo
708 1635 846 1695 autem
900 1629 936 1694 in
958 1648 1090 1714 magna
1113 1634 1231 1695 autem
1254 1631 1356 1694 domo

276 1752 425 1818 magna
443 1751 514 1798 non
532 1734 645 1798 solum
662 1752 752 1800 vasa
767 1739 848 1800 sunt
900 1746 981 1797 sunt
1004 1751 1094 1798 vasa

276 1857 386 1904 aurea
410 1843 445 1904 et
483 1843 674 1921 argentea,
714 1840 777 1906 sed
811 1845 847 1904 et

275 1943 395 2026 lignea
417 1946 453 2007 et
470 1941 603 2024 fictilia,
620 1946 655 2008 et
670 1943 846 2026 quaedam

276 2047 417 2130 quidem
461 2046 685 2129 honorata,
732 2067 845 2131 quae·
900 2044 936 2110 in
959 2045 1129 2110 honorem

277 2151 360 2215 dam
381 2149 398 2188 ’¹‘
418 2149 681 2218 inhonorata.
701 2149 730 2237 3)
902 2148 1062 2214 *autem
1149 2149 1184 2212 in
1208 2147 1468 2214 contumeliam.

336 2271 371 2320 v.
395 2252 447 2320 23.
493 2252 625 2319 Stultas
660 2258 778 2320 autem
811 2260 846 2320 et

276 2359 510 2424 ineruditas
542 2361 766 2442 quaestiones
789 2359 845 2425 de·
899 2357 974 2422 sine
997 2357 1184 2443 disciplina

275 2463 362 2545 vita,
423 2462 549 2544 sciens,
594 2464 678 2546 quia
722 2464 845 2530 litos
899 2461 1074 2546 Stellung:
1097 2465 1271 2544 generant
1293 2461 1373 2526 lites

275 2571 522 2650 generant
713 2639 716 2646 Δ

339 2671 392 2738 24.
415 2671 565 2738 Servum
578 2677 698 2738 autem
714 2673 845 2737 domini

275 2795 345 2842 non
389 2780 527 2860 oportet
571 2776 731 2860 litigare,
782 2779 845 2843 sed

275 2880 434 2945 mitem
457 2897 535 2945 esse
558 2879 604 2944 ad
627 2898 757 2946 omnes.
771 2880 800 2966 4)
898 2883 1119 2945 mansuetum

474 3033 560 3119 Cap.
583 3035 645 3101 III.

340 3160 374 3206 v.
388 3142 417 3206 1.
441 3140 482 3205 ln
500 3139 700 3205 novissimis
723 3140 845 3206 diebus

276 3245 453 3310 aderunt
468 3248 629 3327 tempora
652 3246 844 3338 molesta,
898 3244 1079 3309 instabunt
1166 3243 1365 3328 periculosa

339 3348 370 3416 2.
416 3354 519 3414 erunt
553 3349 713 3415 homines
750 3352 845 3416 sibi
898 3367 936 3413 se
959 3348 1053 3432 ipsos
1076 3354 1237 3416 amantes
1291 3384 1306 3392 -·

275 3457 512 3542 placentes,
553 3455 740 3538 superbi,
776 3461 845 3522 tu·
898 3452 1027 3536 cupidi,
1061 3453 1155 3536 elati,
1193 3451 1344 3537 superbi,
1377 3452 1470 3516 blas-

275 3560 391 3641 midi,
416 3559 573 3643 cupidi,
592 3559 844 3643 blasphemi,
941 3557 1060 3640 phemi

237 3704 239 3709 .
276 3664 482 3752 parentibus
512 3663 557 3728 in
602 3663 733 3728 dicto
774 3684 844 3730 non
898 3659 934 3723 in
957 3661 1051 3726 dicto
1075 3663 1162 3728 fehlt

276 3769 469 3852 audientes,
492 3767 633 3851 ingrati,
658 3767 812 3853 impii,
898 3765 1039 3830 scelesti

341 3874 370 3940 3.
417 3873 492 3939 sine
519 3872 734 3956 adfecta,
769 3874 844 3938 sine
898 3869 1085 3934 affectione

275 3978 460 4058 foedere,
505 3977 737 4060 delatores,
793 3977 844 4042 in-
898 3973 973 4038 sine
996 3992 1097 4057 pace,
1122 3969 1365 4041 criminatores

276 4083 506 4163 continentes
519 4081 681 4164 immites,
695 4082 844 4148 bonum
898 4079 974 4145 sine
997 4079 1217 4162 benignitate

275 4173 361 4254 non¹
378 4193 580 4271 amantes,

380 4413 399 4482 ¹)
419 4415 479 4484 326,
499 4429 531 4482 19
548 4411 585 4466 ad
604 4411 751 4467 Fortunat.
768 4424 794 4480 5.
813 4441 845 4450 -
864 4411 884 4478 ¹)
906 4426 964 4480 172,
984 4409 1016 4464 16
1034 4409 1139 4464 testim.
1160 4406 1206 4474 111,
1224 4409 1271 4479 78;
1288 4407 1349 4480 689,
1367 4425 1400 4464 21
1421 4425 1467 4478 ep.

275 4517 318 4571 59,
335 4517 370 4556 20
388 4501 463 4556 liest:
484 4515 608 4570 quorum
626 4515 725 4553 sermo
743 4507 773 4552 ut
792 4515 814 4552 c.
834 4513 857 4552 s.
875 4527 909 4538 -
927 4497 1019 4565 ⁸)622,
1038 4513 1073 4551 20
1091 4514 1137 4567 ep.
1148 4510 1192 4565 54,
1210 4513 1227 4565 3
1245 4513 1271 4550 u.
1289 4497 1350 4565 643,
1370 4512 1402 4565 19
1420 4512 1467 4566 ep.

275 4605 319 4661 55,
335 4606 370 4660 24
388 4588 441 4644 mit
457 4587 556 4643 fictilia
572 4585 763 4642 schliessend.
781 4615 816 4624 -
833 4586 853 4655 ⁴)
875 4585 933 4656 156,
949 4601 967 4638 2
985 4586 1091 4639 testim.
1111 4583 1156 4652 ΙΙΙ,
1173 4599 1217 4653 53.
