3236 5056
161 689 162 692 ¹
261 654 535 742 Cyprianus
929 655 1134 738 Vulgata

184 904 220 950 u.
244 885 296 951 12.
341 886 409 951 hoe
433 890 487 950 est
520 886 689 950 monde·
744 889 976 970 praeceptum

114 995 210 1054 turn
238 1009 365 1070 meum,
401 995 440 1055 ut
463 991 618 1074 diligetis
640 991 691 1054 in·
1009 982 1012 992 ’

116 1095 258 1176 vicem,
305 1095 689 1178 quemadmodum
744 1097 836 1161 sieut

117 1200 229 1264 dilexi
253 1218 327 1280 vos,

185 1303 237 1370 13.
266 1304 437 1370 maiorem
459 1306 528 1370 hae
551 1305 690 1370 ehari—
745 1303 969 1369 dilectionem

118 1413 267 1474 tatem
290 1427 394 1473 nemo
417 1409 535 1492 habet,
559 1428 690 1492 quam
745 1427 850 1491 quam
873 1407 961 1471 fehlt

118 1518 159 1578 ut
204 1513 360 1578 animem
404 1533 505 1582 suam
549 1513 689 1596 ponet*
746 1513 865 1595 *quis

118 1635 184 1700 pro
209 1616 333 1682 amieis
356 1617 427 1682 suis
443 1617 471 1702 ¹)

187 1740 222 1786 v.
244 1722 294 1786 14.
331 1723 361 1786 si
382 1722 549 1805 feceritis,
574 1724 690 1808 quod
746 1740 837 1805 quae
861 1739 925 1804 ego
949 1715 1131 1802 praecipio

119 1829 289 1892 mendo
312 1829 424 1911 vobis,

186 1933 238 2000 15.
284 1933 354 1998 iam
390 1953 460 1998 non
495 1934 590 1998 dieo
628 1953 693 1998 vos
747 1931 864 1995 dicam

122 2055 259 2118 servos,
282 2039 362 2102 sed
394 2039 573 2104 amieos
598 2037 627 2123 ²)
747 2037 808 2100 sed
833 2034 967 2100 amieos
989 2031 1078 2096 fehlt

165 2139 348 2206 v.1'f.hoe
367 2147 430 2206 est
448 2143 693 2207 mandatum
746 2141 837 2204 haee
860 2139 989 2203 mando
1013 2134 1124 2214 vobis,

119 2261 262 2325 meum,
281 2249 320 2308 ut
330 2245 485 2327 diligatis
497 2245 694 2331 invicem.³)

188 2364 223 2412 v.
250 2346 301 2413 18.
340 2347 370 2412 si
392 2350 605 2414 saeculum
630 2369 694 2415 vos
747 2347 898 2411 mundus

120 2451 206 2532 odit,
239 2451 374 2530 scitote,
399 2455 615 2537 quoniam
637 2473 694 2520 me
747 2453 830 2536 quie

121 2556 273 2638 primo
297 2557 406 2624 odit.
747 2557 900 2638 priorem
923 2554 1025 2617 vobis
1049 2551 1128 2616 odio
1151 2549 1276 2614 hebuit

189 2659 240 2726 19.
272 2661 301 2724 si
325 2661 368 2727 de
388 2663 560 2727 saeculo
585 2681 693 2728 esse·
747 2661 877 2724 mundo
900 2658 1054 2723 fuissetis

121 2761 193 2845 111,
218 2766 445 2846 saeculum,
478 2769 570 2848 quod
594 2787 694 2832 suum
747 2764 896 2828 mundus

122 2872 252 2948 esset,
271 2873 447 2951 amaret3
464 2871 694 2954 sedquiode
748 2873 836 2945 erut,
860 2868 1037 2950 diligeret;
1061 2865 1146 2948 quia
1170 2879 1255 2927 vero

122 2973 296 3036 saeculo
320 2991 390 3038 non
428 2976 522 3056 estis,
556 2982 597 3042 et
629 2996 694 3060 ego
748 2973 877 3037 mundo
968 2970 1030 3035 sed

124 3077 219 3160 elegi
237 3096 302 3142 vos
321 3079 365 3144 de
384 3082 569 3160 saeoulo,
593 3100 694 3165 prop·
748 3078 878 3142 mundo

122 3187 224 3247 terea
248 3183 321 3248 odit
343 3202 407 3247 vos
439 3187 694 3250 saeculum.
748 3183 898 3248 mundus

189 3283 241 3353 20.
265 3293 479 3354 mementote
502 3289 693 3354 sermonis*
748 3289 818 3352 mei

124 3389 261 3471 quem*
287 3391 360 3455 dixi
383 3393 506 3458 vobis:
539 3412 609 3458 non
643 3398 697 3458 est
750 3394 858 3475 *ego

124 3494 239 3558 maior
277 3513 401 3560 seruus
442 3497 582 3562 domino
623 3517 695 3563 suo.
749 3496 923 3577 Stellung:
948 3507 1072 3556 servus
1096 3487 1208 3552 maior

125 3599 155 3662 si
178 3617 235 3664 me
258 3602 436 3682 persecuti
459 3608 549 3686 sunt,
573 3608 609 3669 et
631 3623 696 3667 vos

124 3710 391 3787 persequentur.
407 3706 436 3793 ⁴)

313 3843 398 3928 Cap.
422 3845 518 3913 XVI.

190 3966 225 4011 v.
250 3945 280 4013 2.
326 3948 472 4012 veniet
515 3948 617 4030 hora,
659 3955 697 4015 ut
749 3948 848 4014 venit

232 4089 252 4156 ¹)
272 4104 331 4158 114,
350 4103 385 4140 2ο
402 4096 466 4141 test.
477 4087 523 4156 111,
538 4105 563 4157 3.
600 4106 626 4143 v.
640 4106 672 4143 12
690 4089 782 4144 findet
799 4085 860 4139 sich
879 4081 953 4136 auch
967 4096 1028 4148 222,
1046 4078 1082 4131 26
1100 4077 1137 4132 de
1156 4077 1231 4130 cath.
1251 4075 1321 4131 eccl.

126 4175 183 4231 uni.
196 4194 237 4246 14.
251 4208 278 4216 -
292 4179 312 4246 ²)
323 4193 383 4243 210,
404 4193 436 4244 14
446 4176 483 4230 de
493 4177 565 4231 cath.
586 4178 655 4232 eccl.
676 4177 759 4233 uni.2
778 4174 836 4228 und
855 4188 915 4242 712,
937 4186 968 4239 17
987 4183 1033 4236 ep.
1053 4165 1099 4233 63,
1119 4181 1159 4234 14·
1178 4191 1212 4201 -
1230 4163 1250 4230 ⁸)
1261 4179 1321 4231 497,

128 4281 162 4333 19
180 4280 226 4333 ep.
248 4280 288 4329 11,
306 4280 330 4332 3.
355 4294 389 4303 -
417 4264 436 4330 Ι)
458 4279 516 4332 142,
534 4279 569 4318 2ο
586 4273 650 4318 test.
670 4263 713 4319 ΙΙΙ.
733 4281 776 4332 29,
795 4263 905 4316 ebenso
924 4275 984 4327 334,
1006 4269 1037 4324 15
1055 4253 1093 4307 ad
1112 4252 1259 4306 Fortunat.
1283 4267 1322 4316 11,

126 4369 175 4406 wo
193 4352 266 4406 aber
284 4351 329 4406 ssir
352 4351 502 4406 saeculum
527 4351 633 4404 immet
661 4352 786 4406 mundus
805 4347 882 4403 steht
910 4346 967 4399 und
996 4350 1064 4398 statt
1092 4340 1237 4393 sermonis
1261 4354 1321 4391 ser-

126 4455 255 4501 monem,
273 4439 415 4494 wahrend
433 4439 493 4508 662,
512 4439 530 4492 8
548 4454 594 4507 ep.
613 4439 657 4506 58,
669 4439 695 4508 6,
712 4455 731 4507 9
748 4436 800 4490 mit
820 4451 869 4505 142
889 4429 1135 4494 ubereinstimmt,
1154 4426 1226 4480 doch
1245 4423 1322 4478 steht

126 4525 172 4580 fur
190 4525 262 4580 odit:
281 4526 351 4581 odiit
370 4527 428 4580 und
447 4526 484 4582 ist
502 4525 550 4580 die
568 4525 700 4595 Stellung
719 4541 824 4579 servus
843 4521 936 4576 maior
960 4518 1092 4574 conform
1121 4516 1174 4569 der
1195 4513 1321 4582 Vulgata

127 4613 185 4667 wie
204 4611 278 4668 auch
296 4613 344 4669 bei
362 4615 399 4670 ad
417 4613 566 4669 Fortunat.
586 4629 626 4667 11.
