3236 5056
124 817 321 824 -——.....

268 677 539 763 Cyprlanus
931 680 1140 766 Vulgata

334 905 384 972 Oa
414 907 486 972 .11.

190 1009 301 1076 v.16.
343 926 519 1078 Βξῐηυῐη
560 1014 695 1098 patris
749 1013 857 1078 nolite
885 1013 1005 1078 faeere
1037 1013 1177 1077 domurn
1208 1012 1320 1095 patris

123 1114 375 1180 meidomum
390 1118 696 1199 negotiationis
794 1117 863 1182 mei
887 1118 1028 1183 domurn
1050 1117 1299 1201 negotiationis

123 1217 351 1306 fecistis.¹)

326 1337 410 1423 Cap.
434 1340 497 1409 III.

189 1459 225 1508 v,
245 1443 276 1509 5.
307 1443 374 1507 nisi
396 1444 431 1509 si
453 1445 530 1527 quis
553 1449 698 1511 renatus
751 1449 780 1513 si
803 1449 892 1514 fehlt

123 1547 231 1612 fuerit
254 1567 299 1613 ex
323 1567 417 1632 aqua
450 1555 485 1614 et
518 1551 644 1635 spiritu
658 1550 697 1632 ²¹¹,
753 1552 770 1590 *
794 1557 917 1618 saneto

124 1670 197 1715 non
228 1656 344 1736 potest
374 1653 521 1720 introire
554 1654 590 1718 in
622 1671 698 1736 reg·

125 1773 211 1819 num
233 1755 310 1821 Dei.
330 1755 359 1843 ²)

192 1879 227 1925 v.
252 1859 282 1927 6.
328 1862 421 1944 quod
444 1861 552 1925 enim
575 1867 697 1928 natum
752 1863 845 1929 enirn
868 1863 957 1928 fehlt

126 1969 182 2031 est
205 1965 251 2030 de
276 1982 395 2047 earne,
434 1983 518 2030 earo
558 1971 620 2048 est,
662 1971 698 2032 et
752 1986 798 2033 ex

125 2071 220 2154 quod
243 2074 366 2135 natum
397 2075 451 2136 est
482 2071 530 2136 de
562 2071 697 2154 spiritu,
752 2091 799 2138 ex

126 2174 271 2257 spiritus
295 2179 357 2240 est.
371 2173 402 2261 3)

193 2297 227 2344 v.
246 2278 296 2346 14.
331 2278 454 2343 *sieut
476 2279 617 2361 Moyses
640 2299 699 2345 ex·
755 2279 772 2318 Ι·
796 2283 831 2344 et

128 2383 258 2449 altavit
280 2389 481 2468 serpentem
503 2383 540 2448 in
562 2403 698 2450 eremo
754 2384 893 2449 deserto

127 2488 180 2552 ita
218 2489 371 2553 exaltari
409 2492 547 2572 oportet
590 2489 699 2554 filiurn

128 2592 289 2674 hominis,

197 2698 247 2765 15.
279 2700 318 2762 ut
339 2696 460 2777 omnis
480 2698 700 2780 quieredi-
754 2695 868 2760 eredit

130 2801 254 2881 derit,
278 2801 314 2867 in
343 2800 469 2882 eum‚*
493 2801 625 2868 habeat
647 2803 698 2867 vi·
754 2797 867 2883 ipsum
953 2799 970 2835 ¹³⁸
993 2817 1063 2864 non
1086 2804 1220 2884 pereat,
1245 2800 1308 2864 sed

130 2912 205 2971 tarn
228 2911 421 2971 aeternam.
438 2904 468 2993 4)

197 3029 231 3076 v.
256 3010 307 3077 18.
347 3009 436 3092 qui*
461 3028 531 3073 non
568 3011 700 3075 eredi—
756 3007 917 3072 *autem
1005 3008 1119 3076 eredit

132 3115 257 3195 derit,
302 3115 373 3178 iam
417 3115 592 3179 iudicatus
638 3118 701 3197 est,

132 3219 216 3302 quia
232 3238 303 3284 non
319 3218 502 3284 eredidit
512 3219 548 3283 in
560 3218 701 3284 nomine
755 3216 868 3281 eredit

132 3323 248 3388 unici
270 3322 333 3386 filii
356 3323 432 3390 Dei.
755 3322 927 3406 unigeniti

197 3427 248 3496 19.
279 3427 348 3492 hoo
371 3432 507 3493 autern
531 3431 594 3494 est
616 3426 700 3492 iudi·
755 3425 930 3511 Stellung:
954 3431 1008 3492 est
1030 3430 1149 3492 autem

133 3532 236 3597 oium'
278 3532 475 3614 quoniam
507 3533 569 3597 lux
600 3531 700 3596 venit
756 3532 839 3614 quia

133 3638 169 3701 in
193 3636 420 3718 saeculum,
443 3641 479 3702 et
502 3637 703 3701 dilexerunt
756 3636 924 3701 mundum

132 3741 291 3806 homines
299 3741 413 3823 magis
423 3742 703 3824 tenebrasquam

133 3845 260 3911 lucem.
281 3843 310 3931 Ι)

239 3984 259 4052 ¹)
280 3983 338 4054 178,
358 4000 389 4054 17
408 3982 513 4038 testim.
533 3982 579 4052 ΙΙΙ,
600 3999 650 4037 100
668 3981 702 4037 cf.
721 3981 821 4037 Matth.
841 3998 885 4047 21,
905 3979 1020 4050 13.-²)
1034 3995 1094 4050 439,
1112 3987 1213 4048 gsent.
1225 3977 1325 4049 epis.5

134 4070 191 4127 nisi
210 4070 275 4140 quis
292 4078 377 4125 natus
396 4078 450 4126 etc.
468 4070 518 4125 hat
536 4085 596 4142 775,
616 4087 648 4141 17
667 4087 714 4141 ep.
730 4086 772 4140 72,
792 4086 805 4123 1
825 4086 851 4123 u.
866 4083 926 4139 795,
941 4083 974 4135 13
986 4085 1033 4138 ep.
1050 4083 1092 4138 73,
1102 4083 1151 4135 215
1170 4081 1207 4119 an
1226 4064 1328 4120 letzter

136 4157 227 4215 Stelle
245 4156 318 4212 fehlt
336 4159 390 4212 der
408 4156 493 4213 Satz:
511 4175 569 4212 non
587 4167 685 4228 potest
702 4155 825 4211 introire
843 4155 872 4210 in
891 4171 1015 4226 regnum
1034 4153 1098 4208 Dei.
1125 4184 1160 4192 —
1181 4156 1201 4221 ⁸)
1225 4161 1289 4208 test.
1309 4151 1328 4221 Ι,

138 4263 170 4300 12
188 4262 217 4317 p.
235 4262 279 4316 47,
296 4261 331 4300 20
348 4262 375 4299 u.
394 4253 457 4300 test.
477 4244 522 4299 ΙΙΙ.
541 4261 576 4316 25
594 4262 621 4316 p.
644 4261 700 4316 140,
722 4246 770 4311 185
791 4242 877 4297 beide
896 4241 1007 4296 Stellen
1025 4241 1122 4296 haben
1150 4241 1224 4296 auch
1256 4258 1283 4294 v.
1302 4254 1327 4308 5.

136 4351 164 4388 v.
181 4334 200 4387 6
217 4332 308 4387 findet
326 4332 387 4387 sich
412 4362 440 4371 -
467 4331 544 4386 ohne
562 4331 641 4386 enim
663 4363 690 4371 -
711 4330 785 4385 auch
803 4347 864 4400 439,
892 4344 924 4399 15
943 4327 1160 4399 sent.xepisc.5
1187 4326 1240 4381 mit
1259 4327 1327 4379 dem

136 4420 256 4476 Zusatz:
275 4419 344 4490 quia
355 4419 436 4474 Deus
454 4419 573 4490 spiritus
591 4427 644 4487 est,
662 4428 692 4473 et
710 4435 749 4472 ex
768 4417 832 4472 Deo
850 4423 936 4470 natus
954 4424 1006 4470 est.
1024 4445 1058 4454 -
1075 4417 1096 4484 ⁴)
1114 4415 1158 4479 88,
1179 4431 1211 4485 17
1227 4414 1325 4469 testim

136 4508 171 4578 ΙΙ,
188 4525 231 4563 ao.
258 4537 292 4548 -·
318 4510 339 4575 Ι)
357 4523 400 4578 45,
419 4524 436 4576 3
453 4507 558 4562 testim.
577 4505 597 4576 Ι,
621 4522 637 4576 7
656 4506 765 4560 ebenso
788 4521 846 4574 144,
872 4506 891 4558 6
908 4503 1013 4560 testim.
1033 4502 1080 4572 ΙΙΙ,
1097 4519 1140 4572 31,
1169 4519 1216 4558 wo
1235 4500 1330 4571 magis

139 4613 193 4652 vor
212 4595 378 4650 dilexerunt
395 4596 480 4664 steht,
499 4596 634 4665 dagegen
653 4593 788 4648 homines
806 4591 883 4646 fehlt

1194 4693 1228 4749 4*
