3198 5048
409 646 683 734 GyprIanns

225 874 229 879 ’
268 879 334 940 est
371 876 600 942 simulacra
637 896 764 944 aurea
803 881 839 944 et

267 983 439 1061 argentea
458 984 494 1046 et
512 998 620 1046 aerea
638 984 677 1046 et'
696 982 839 1066 lapidea

268 1089 304 1148 et
325 1083 454 1167 lignea,
478 1103 569 1167 quae
583 1105 698 1169 neque
715 1087 839 1152 videre
865 1126 867 1191 7

267 1193 413 1272 possunt
446 1207 561 1271 neque
593 1189 611 1228 s
644 1191 837 1256 ambulare.
865 1220 867 1291 7
895 1187 911 1222 '¹'
935 1187 1058 1253 audire
1082 1207 1195 1271 nequo
1219 1191 1401 1256 ambulare

332 1291 385 1359 21.
408 1299 444 1360 et
461 1313 532 1358 non
550 1300 698 1377 egerunt
721 1295 839 1379 paeni-

269 1399 418 1464 tentiam
440 1399 758 1464 homicidiorum
781 1418 838 1464 su-
893 1396 938 1461 ab
962 1396 1160 1463 homicidiis
1183 1400 1255 1464 suis

269 1522 383 1569 orum
402 1523 517 1587 neque
539 1503 839 1570 fornicationis
892 1519 915 1568 a
933 1504 1115 1570 veneficiis
1130 1506 1210 1588 suia,
1229 1524 1343 1590 neque
1357 1524 1380 1570 a
1397 1506 1462 1572 for·

270 1626 356 1672 suae
396 1626 510 1690 neque
549 1608 724 1673 factorum
764 1574 867 1674 suo-¹
935 1608 1115 1676 nicatione
1137 1627 1202 1674 sua
1224 1628 1338 1693 noque
1355 1629 1378 1676 a
1396 1611 1463 1676 iur-

269 1729 356 1777 rum.
370 1709 397 1797 ¹)
936 1711 980 1778 tis
1004 1712 1086 1779 suis.

470 1865 556 1952 Oap.
579 1869 641 1934 ΧΙ.

334 1993 368 2043 v.
394 1974 445 2041 16.
466 1979 501 2039 et
526 1973 653 2056 viginti
676 1977 841 2056 quattuor

271 2077 427 2142 seniores
453 2077 469 2116 '¹‘
494 2078 530 2142 in
558 2082 750 2160 conspectu
773 2077 841 2142 Dei
896 2077 913 2112 *
938 2077 998 2159 qui

271 2181 466 2246 sedentes
510 2181 546 2244 in
590 2181 730 2246 throni
770 2182 1019 2277 suisysedent
1106 2181 1246 2246 sedibus

271 2285 477 2350 ceciderunt
490 2302 617 2368 snpra
635 2285 746 2350 facies
760 2304 842 2350 suas
895 2286 931 2351 in

272 2395 307 2454 ct
330 2390 571 2455 adoraverunt
587 2389 710 2468 Deum,
726 2390 842 2454 dioen-

272 2500 348 2562 tes:

339 2599 390 2666 tt.
430 2599 564 2683 gratias
597 2598 733 2680 agimus
770 2598 843 2679 tibi,

273 2703 423 2768 Domine
467 2703 563 2768 Deus
612 2703 842 2785 omnipotens

272 2809 331 2891 qui
355 2828 402 2890 ee,
426 2813 460 2873 et
478 2807 538 2890 qui
555 2807 688 2887 fuisti,
706 2806 842 2889 *quod
897 2825 977 2873 eras
1002 2808 1062 2872 *et
1073 2808 1131 2890 qui
1142 2811 1312 2874 venturus
1322 2827 1369 2889 es,
1381 2809 1464 2892 quia

274 2911 444 2996 accepisti
466 2915 720 2995 potestatem
746 2915 843 2976 tuam
897 2911 1065 2978 virtutem

273 3034 449 3099 magnam,
468 3021 504 3082 et
521 3015 688 3099 regnasti.

339 3121 390 3188 18.
437 3126 478 3187 et
521 3124 666 3204 gentes
703 3121 844 3187 iratae
898 3119 1010 3186 Sten.:
1034 3121 1147 3185 iratae
1170 3125 1251 3186 sunt
1273 3125 1397 3203 gentes

274 3229 381 3307 sunt,
419 3229 454 3290 et
487 3225 604 3290 venit
635 3225 689 3288 ira
712 3229 773 3290 tua
809 3231 845 3291 et
898 3224 1044 3289 advenit

274 3334 421 3411 tempus
458 3347 535 3412 quo
577 3329 628 3394 de
668 3331 844 3395 mortuis
897 3327 1467 3394 mortuorumindicarietreddere

275 3432 488 3498 iudicetur
511 3438 550 3498 et
569 3433 690 3499 detur
706 3451 843 3498 merces
897 3434 1098 3498 mercedem

274 3537 387 3602 sorvis
405 3537 473 3602 tuis
492 3538 672 3621 prophetis
687 3543 722 3604 et
744 3557 844 3604 sanc-

275 3642 320 3706 tis
335 3645 370 3706 et
383 3641 585 3707 timentibus
597 3661 724 3709 nomen
736 3648 844 3726 tuum,

274 3746 428 3829 pussillis
438 3749 473 3810 et
483 3746 630 3829 magnis,
638 3747 844 3831 etdisper-
898 3743 1157 3814 exterminandi

275 3851 373 3917 dere
409 3867 479 3932 eoa,
516 3851 575 3934 qui
610 3855 845 3934 corruperunt

275 3959 417 4022 terram.
431 3954 455 4036 Ι)

457 4109 543 4195 Cap.
566 4111 660 4179 XIV.

319 4235 353 4282 v.
379 4217 407 4284 1.
440 4217 485 4281 Et
507 4217 591 4299 vidi,
616 4222 651 4282 et
675 4235 759 4283 ecce
779 4234 846 4298 ag-

276 4343 367 4389 num
409 4327 587 4388 stantem
629 4323 669 4386 in
710 4324 846 4385 monte
901 4339 1012 4404 agnus
1036 4321 1154 4386 stabat
1177 4335 1284 4402 supra
1312 4322 1467 4382 montem

382 4570 403 4638 ¹)
424 4569 483 4638 163,
500 4583 518 4620 α
535 4574 598 4622 test
617 4565 663 4635 ΙΙΙ,
681 4581 723 4637 59.
744 4595 776 4604 -
794 4565 815 4632 ¹)
836 4579 893 4635 135,
912 4581 948 4620 ao
965 4572 1030 4634 test,
1049 4564 1094 4635 111,
1112 4582 1155 4622 ω.
