<?xml version="1.0" encoding="UTF-8"?>
<!DOCTYPE html PUBLIC "-//W3C//DTD XHTML 1.0 Transitional//EN"
    "http://www.w3.org/TR/xhtml1/DTD/xhtml1-transitional.dtd">
<html xmlns="http://www.w3.org/1999/xhtml" xml:lang="en" lang="en">
 <head>
  <title>
</title>
<meta http-equiv="Content-Type" content="text/html;charset=utf-8" />
  <meta name='ocr-system' content='tesseract 3.04.00' />
  <meta name='ocr-capabilities' content='ocr_page ocr_carea ocr_par ocr_line ocrx_word'/>
</head>
<body>
  <div class='ocr_page' id='page_1' title='image "./derneutestament00heidgoog_0105.png"; bbox 0 0 3198 5048; ppageno 0'>
   <div class='ocr_carea' id='block_1_1' title="bbox 318 910 1587 4424">
    <p class='ocr_par' dir='ltr' id='par_1_1' title="bbox 318 910 1587 4424">
     <span class='ocr_line' id='line_1_1' title="bbox 383 910 888 997; baseline 0.002 -21"><span class='ocrx_word' id='word_1_1' title='bbox 383 910 414 977; x_wconf 83' lang='lat'>2.</span> <span class='ocrx_word' id='word_1_2' title='bbox 438 910 573 977; x_wconf 88' lang='lat' dir='ltr'>honora</span> <span class='ocrx_word' id='word_1_3' title='bbox 611 918 750 997; x_wconf 87' lang='lat' dir='ltr'>patrem</span> <span class='ocrx_word' id='word_1_4' title='bbox 790 920 888 977; x_wconf 88' lang='lat' dir='ltr'>tuum</span> 
     </span>
     <span class='ocr_line' id='line_1_2' title="bbox 319 1017 1081 1100; baseline 0.001 -21"><span class='ocrx_word' id='word_1_5' title='bbox 319 1020 354 1079; x_wconf 90' lang='lat' dir='ltr'>et</span> <span class='ocrx_word' id='word_1_6' title='bbox 376 1021 527 1081; x_wconf 89' lang='lat' dir='ltr'>matrem</span> <span class='ocrx_word' id='word_1_7' title='bbox 549 1018 575 1100; x_wconf 83' lang='grc'>*,</span> <span class='ocrx_word' id='word_1_8' title='bbox 600 1017 693 1100; x_wconf 92' lang='lat' dir='ltr'>quod</span> <span class='ocrx_word' id='word_1_9' title='bbox 716 1022 769 1082; x_wconf 90' lang='lat' dir='ltr'>est</span> <span class='ocrx_word' id='word_1_10' title='bbox 792 1035 889 1081; x_wconf 92' lang='lat' dir='ltr'>man·</span> <span class='ocrx_word' id='word_1_11' title='bbox 943 1017 959 1052; x_wconf 75' lang='lat'>&#39;¹‘</span> <span class='ocrx_word' id='word_1_12' title='bbox 984 1022 1081 1080; x_wconf 88' lang='lat' dir='ltr'>tuam</span> 
     </span>
     <span class='ocr_line' id='line_1_3' title="bbox 319 1121 889 1205; baseline 0.004 -22"><span class='ocrx_word' id='word_1_13' title='bbox 319 1121 440 1184; x_wconf 88' lang='lat' dir='ltr'>dutum</span> <span class='ocrx_word' id='word_1_14' title='bbox 482 1122 633 1205; x_wconf 89' lang='lat' dir='ltr'>primum</span> <span class='ocrx_word' id='word_1_15' title='bbox 669 1123 705 1186; x_wconf 92' lang='lat' dir='ltr'>in</span> <span class='ocrx_word' id='word_1_16' title='bbox 745 1122 889 1205; x_wconf 85' lang='lat' dir='ltr'>promis-</span> 
     </span>
     <span class='ocr_line' id='line_1_4' title="bbox 319 1225 427 1307; baseline 0.009 -19"><span class='ocrx_word' id='word_1_17' title='bbox 319 1225 427 1307; x_wconf 89' lang='lat' dir='ltr'>sione,</span> 
     </span>
     <span class='ocr_line' id='line_1_5' title="bbox 383 1327 890 1412; baseline 0 -18"><span class='ocrx_word' id='word_1_18' title='bbox 383 1327 414 1394; x_wconf 86' lang='grc'>3.</span> <span class='ocrx_word' id='word_1_19' title='bbox 437 1334 476 1394; x_wconf 93' lang='lat' dir='ltr'>ut</span> <span class='ocrx_word' id='word_1_20' title='bbox 498 1332 589 1396; x_wconf 87' lang='lat' dir='ltr'>bene</span> <span class='ocrx_word' id='word_1_21' title='bbox 612 1331 657 1394; x_wconf 91' lang='lat' dir='ltr'>sit</span> <span class='ocrx_word' id='word_1_22' title='bbox 688 1331 761 1412; x_wconf 88' lang='lat' dir='ltr'>tibi,</span> <span class='ocrx_word' id='word_1_23' title='bbox 785 1334 821 1394; x_wconf 91' lang='lat' dir='ltr'>et</span> <span class='ocrx_word' id='word_1_24' title='bbox 843 1329 890 1394; x_wconf 85' lang='lat' dir='ltr'>sis</span> 
     </span>
     <span class='ocr_line' id='line_1_6' title="bbox 318 1433 845 1520; baseline 0.006 -24"><span class='ocrx_word' id='word_1_25' title='bbox 318 1433 515 1516; x_wconf 87' lang='lat' dir='ltr'>longaevus</span> <span class='ocrx_word' id='word_1_26' title='bbox 538 1453 644 1519; x_wconf 89' lang='lat' dir='ltr'>super</span> <span class='ocrx_word' id='word_1_27' title='bbox 667 1439 800 1501; x_wconf 85' lang='lat' dir='ltr'>terram</span> <span class='ocrx_word' id='word_1_28' title='bbox 818 1435 845 1520; x_wconf 86' lang='lat'>¹)</span> 
     </span>
     <span class='ocr_line' id='line_1_7' title="bbox 383 1539 889 1624; baseline 0.002 -23"><span class='ocrx_word' id='word_1_29' title='bbox 383 1557 417 1607; x_wconf 82' lang='lat' dir='ltr'>u.</span> <span class='ocrx_word' id='word_1_30' title='bbox 430 1539 462 1605; x_wconf 84' lang='lat'>4.</span> <span class='ocrx_word' id='word_1_31' title='bbox 486 1544 612 1622; x_wconf 79' lang='lat' dir='ltr'>etune,</span> <span class='ocrx_word' id='word_1_32' title='bbox 632 1544 763 1624; x_wconf 80' lang='lat' dir='ltr'>patrea,</span> <span class='ocrx_word' id='word_1_33' title='bbox 780 1539 889 1603; x_wconf 87' lang='lat' dir='ltr'>nolite</span> 
     </span>
     <span class='ocr_line' id='line_1_8' title="bbox 319 1642 888 1727; baseline 0.004 -22"><span class='ocrx_word' id='word_1_34' title='bbox 319 1642 365 1705; x_wconf 91' lang='lat' dir='ltr'>ad</span> <span class='ocrx_word' id='word_1_35' title='bbox 414 1643 637 1708; x_wconf 82' lang='lat' dir='ltr'><strong>iracundiam</strong></span> <span class='ocrx_word' id='word_1_36' title='bbox 689 1661 888 1727; x_wconf 87' lang='lat' dir='ltr'>provocare</span> 
     </span>
     <span class='ocr_line' id='line_1_9' title="bbox 319 1746 1092 1829; baseline 0 -20"><span class='ocrx_word' id='word_1_37' title='bbox 319 1746 408 1811; x_wconf 88' lang='lat' dir='ltr'>filios</span> <span class='ocrx_word' id='word_1_38' title='bbox 444 1753 593 1829; x_wconf 81' lang='lat' dir='ltr'>vestros,</span> <span class='ocrx_word' id='word_1_39' title='bbox 630 1748 692 1812; x_wconf 89' lang='lat' dir='ltr'>sed</span> <span class='ocrx_word' id='word_1_40' title='bbox 728 1747 888 1812; x_wconf 87' lang='lat' dir='ltr'>nutrite</span> <span class='ocrx_word' id='word_1_41' title='bbox 942 1746 1092 1810; x_wconf 72' lang='lat' dir='ltr'>educate</span> 
     </span>
     <span class='ocr_line' id='line_1_10' title="bbox 320 1850 1019 1936; baseline -0.006 -20"><span class='ocrx_word' id='word_1_42' title='bbox 320 1871 388 1917; x_wconf 89' lang='lat' dir='ltr'>eos</span> <span class='ocrx_word' id='word_1_43' title='bbox 415 1853 452 1916; x_wconf 92' lang='lat' dir='ltr'>in</span> <span class='ocrx_word' id='word_1_44' title='bbox 475 1853 663 1935; x_wconf 85' lang='lat' dir='ltr'>disciplina</span> <span class='ocrx_word' id='word_1_45' title='bbox 685 1857 721 1917; x_wconf 87' lang='lat' dir='ltr'>et</span> <span class='ocrx_word' id='word_1_46' title='bbox 749 1870 888 1936; x_wconf 77' lang='lat' dir='ltr'>correp·</span> <span class='ocrx_word' id='word_1_47' title='bbox 941 1850 1019 1913; x_wconf 91' lang='lat' dir='ltr'>illos</span> 
     </span>
     <span class='ocr_line' id='line_1_11' title="bbox 321 1955 629 2043; baseline 0.003 -22"><span class='ocrx_word' id='word_1_48' title='bbox 321 1957 415 2023; x_wconf 91' lang='lat' dir='ltr'>tione</span> <span class='ocrx_word' id='word_1_49' title='bbox 439 1955 629 2043; x_wconf 75' lang='lat' dir='ltr'>Domini.²)</span> 
     </span>
     <span class='ocr_line' id='line_1_12' title="bbox 384 2060 1083 2145; baseline -0.007 -19"><span class='ocrx_word' id='word_1_50' title='bbox 384 2081 419 2126; x_wconf 85' lang='lat' dir='ltr'>v.</span> <span class='ocrx_word' id='word_1_51' title='bbox 440 2062 470 2128; x_wconf 80' lang='lat'>5.</span> <span class='ocrx_word' id='word_1_52' title='bbox 489 2063 595 2145; x_wconf 88' lang='lat' dir='ltr'>servi,</span> <span class='ocrx_word' id='word_1_53' title='bbox 610 2063 812 2127; x_wconf 89' lang='lat' dir='ltr'>obaudite</span> <span class='ocrx_word' id='word_1_54' title='bbox 831 2063 888 2126; x_wconf 92' lang='lat' dir='ltr'>do·</span> <span class='ocrx_word' id='word_1_55' title='bbox 942 2060 1083 2123; x_wconf 82' lang='lat' dir='ltr'>obedite</span> 
     </span>
     <span class='ocr_line' id='line_1_13' title="bbox 319 2165 888 2232; baseline 0.004 -3"><span class='ocrx_word' id='word_1_56' title='bbox 319 2165 422 2230; x_wconf 92' lang='lat' dir='ltr'>minis</span> <span class='ocrx_word' id='word_1_57' title='bbox 437 2165 642 2231; x_wconf 83' lang='lat' dir='ltr'>carnalibus</span> <span class='ocrx_word' id='word_1_58' title='bbox 661 2183 741 2231; x_wconf 83' lang='lat' dir='ltr'>eum</span> <span class='ocrx_word' id='word_1_59' title='bbox 763 2167 888 2232; x_wconf 84' lang='lat' dir='ltr'>timore</span> 
     </span>
     <span class='ocr_line' id='line_1_14' title="bbox 321 2270 889 2354; baseline 0.002 -19"><span class='ocrx_word' id='word_1_60' title='bbox 321 2275 356 2335; x_wconf 91' lang='lat' dir='ltr'>et</span> <span class='ocrx_word' id='word_1_61' title='bbox 387 2275 555 2352; x_wconf 87' lang='lat' dir='ltr'>tremore,</span> <span class='ocrx_word' id='word_1_62' title='bbox 589 2270 625 2334; x_wconf 94' lang='lat' dir='ltr'>in</span> <span class='ocrx_word' id='word_1_63' title='bbox 661 2270 889 2354; x_wconf 76' lang='lat' dir='ltr'>simplicitate</span> 
     </span>
     <span class='ocr_line' id='line_1_15' title="bbox 320 2374 889 2458; baseline 0.002 -19"><span class='ocrx_word' id='word_1_64' title='bbox 320 2375 436 2440; x_wconf 84' lang='lat' dir='ltr'>cordis</span> <span class='ocrx_word' id='word_1_65' title='bbox 468 2375 588 2457; x_wconf 83' lang='lat' dir='ltr'>vestri,</span> <span class='ocrx_word' id='word_1_66' title='bbox 628 2375 718 2440; x_wconf 81' lang='lat' dir='ltr'>sieut</span> <span class='ocrx_word' id='word_1_67' title='bbox 741 2374 889 2458; x_wconf 80' lang='lat' dir='ltr'>Christe,</span> 
     </span>
     <span class='ocr_line' id='line_1_16' title="bbox 384 2479 889 2546; baseline -0.004 0"><span class='ocrx_word' id='word_1_68' title='bbox 384 2479 415 2546; x_wconf 84' lang='lat'>6.</span> <span class='ocrx_word' id='word_1_69' title='bbox 453 2499 524 2544; x_wconf 91' lang='lat' dir='ltr'>non</span> <span class='ocrx_word' id='word_1_70' title='bbox 556 2480 603 2544; x_wconf 92' lang='lat' dir='ltr'>ad</span> <span class='ocrx_word' id='word_1_71' title='bbox 636 2481 776 2544; x_wconf 81' lang='lat' dir='ltr'>oculum</span> <span class='ocrx_word' id='word_1_72' title='bbox 820 2499 889 2544; x_wconf 90' lang='lat' dir='ltr'>ser-</span> 
     </span>
     <span class='ocr_line' id='line_1_17' title="bbox 319 2584 889 2667; baseline 0 -19"><span class='ocrx_word' id='word_1_73' title='bbox 319 2585 468 2667; x_wconf 86' lang='lat' dir='ltr'>vientes,</span> <span class='ocrx_word' id='word_1_74' title='bbox 487 2585 588 2667; x_wconf 90' lang='lat' dir='ltr'>quasi</span> <span class='ocrx_word' id='word_1_75' title='bbox 605 2584 803 2648; x_wconf 90' lang='lat' dir='ltr'>hominibus</span> <span class='ocrx_word' id='word_1_76' title='bbox 815 2585 889 2667; x_wconf 95' lang='lat' dir='ltr'>pla-</span> 
     </span>
     <span class='ocr_line' id='line_1_18' title="bbox 321 2687 981 2770; baseline -0.012 -16"><span class='ocrx_word' id='word_1_77' title='bbox 321 2694 452 2770; x_wconf 77' lang='lat' dir='ltr'>centae,</span> <span class='ocrx_word' id='word_1_78' title='bbox 467 2689 530 2753; x_wconf 91' lang='lat' dir='ltr'>sed</span> <span class='ocrx_word' id='word_1_79' title='bbox 546 2689 668 2770; x_wconf 86' lang='lat' dir='ltr'>quasi</span> <span class='ocrx_word' id='word_1_80' title='bbox 682 2688 778 2754; x_wconf 88' lang='lat' dir='ltr'>servi</span> <span class='ocrx_word' id='word_1_81' title='bbox 794 2687 890 2753; x_wconf 82' lang='lat' dir='ltr'>Chri·</span> <span class='ocrx_word' id='word_1_82' title='bbox 943 2687 981 2747; x_wconf 89' lang='lat' dir='ltr'>ut</span> 
     </span>
     <span class='ocr_line' id='line_1_19' title="bbox 320 2791 418 2874; baseline -0.02 -16"><span class='ocrx_word' id='word_1_83' title='bbox 320 2793 375 2860; x_wconf 90' lang='lat' dir='ltr'>sti.</span> <span class='ocrx_word' id='word_1_84' title='bbox 392 2791 418 2874; x_wconf 89' lang='grc'>3)</span> 
     </span>
     <span class='ocr_line' id='line_1_20' title="bbox 384 2895 890 2978; baseline -0.004 -17"><span class='ocrx_word' id='word_1_85' title='bbox 384 2915 420 2963; x_wconf 83' lang='lat' dir='ltr'>u.</span> <span class='ocrx_word' id='word_1_86' title='bbox 435 2896 466 2964; x_wconf 83' lang='lat'>9.</span> <span class='ocrx_word' id='word_1_87' title='bbox 482 2900 517 2961; x_wconf 88' lang='lat' dir='ltr'>et</span> <span class='ocrx_word' id='word_1_88' title='bbox 527 2913 601 2977; x_wconf 87' lang='lat' dir='ltr'>vos,</span> <span class='ocrx_word' id='word_1_89' title='bbox 613 2895 754 2978; x_wconf 82' lang='lat' dir='ltr'>domini,</span> <span class='ocrx_word' id='word_1_90' title='bbox 765 2895 890 2961; x_wconf 89' lang='lat' dir='ltr'>eadem</span> 
     </span>
     <span class='ocr_line' id='line_1_21' title="bbox 320 2997 1013 3082; baseline -0.012 -15"><span class='ocrx_word' id='word_1_91' title='bbox 320 3001 428 3068; x_wconf 84' lang='lat' dir='ltr'>facite</span> <span class='ocrx_word' id='word_1_92' title='bbox 468 3001 520 3066; x_wconf 90' lang='lat' dir='ltr'>ad</span> <span class='ocrx_word' id='word_1_93' title='bbox 561 3019 645 3082; x_wconf 86' lang='lat' dir='ltr'>eos,</span> <span class='ocrx_word' id='word_1_94' title='bbox 672 3001 890 3066; x_wconf 79' lang='lat' dir='ltr'>remittentes</span> <span class='ocrx_word' id='word_1_95' title='bbox 944 2997 1013 3061; x_wconf 90' lang='lat' dir='ltr'>illis</span> 
     </span>
     <span class='ocr_line' id='line_1_22' title="bbox 320 3103 1341 3189; baseline -0.007 -19"><span class='ocrx_word' id='word_1_96' title='bbox 320 3107 445 3188; x_wconf 84' lang='lat' dir='ltr'>minas;</span> <span class='ocrx_word' id='word_1_97' title='bbox 469 3106 630 3189; x_wconf 76' lang='lat' dir='ltr'>scientae,</span> <span class='ocrx_word' id='word_1_98' title='bbox 654 3105 737 3189; x_wconf 88' lang='lat' dir='ltr'>quia</span> <span class='ocrx_word' id='word_1_99' title='bbox 761 3110 801 3171; x_wconf 89' lang='lat' dir='ltr'>et</span> <span class='ocrx_word' id='word_1_100' title='bbox 824 3123 890 3171; x_wconf 90' lang='lat' dir='ltr'>ve·</span> <span class='ocrx_word' id='word_1_101' title='bbox 944 3109 979 3167; x_wconf 90' lang='lat' dir='ltr'>et</span> <span class='ocrx_word' id='word_1_102' title='bbox 1002 3103 1140 3166; x_wconf 88' lang='lat' dir='ltr'>illorum</span> <span class='ocrx_word' id='word_1_103' title='bbox 1164 3105 1199 3166; x_wconf 87' lang='lat' dir='ltr'>et</span> <span class='ocrx_word' id='word_1_104' title='bbox 1221 3105 1341 3165; x_wconf 87' lang='lat' dir='ltr'>vester</span> 
     </span>
     <span class='ocr_line' id='line_1_23' title="bbox 321 3209 889 3293; baseline -0.002 -18"><span class='ocrx_word' id='word_1_105' title='bbox 321 3216 408 3275; x_wconf 87' lang='lat' dir='ltr'>ster</span> <span class='ocrx_word' id='word_1_106' title='bbox 431 3215 471 3275; x_wconf 92' lang='lat' dir='ltr'>et</span> <span class='ocrx_word' id='word_1_107' title='bbox 503 3211 686 3293; x_wconf 88' lang='lat' dir='ltr'>ipsorum</span> <span class='ocrx_word' id='word_1_108' title='bbox 719 3209 889 3274; x_wconf 88' lang='lat' dir='ltr'>Dominus</span> 
     </span>
     <span class='ocr_line' id='line_1_24' title="bbox 321 3313 890 3398; baseline -0.002 -19"><span class='ocrx_word' id='word_1_109' title='bbox 321 3313 433 3379; x_wconf 91' lang='lat' dir='ltr'>estin</span> <span class='ocrx_word' id='word_1_110' title='bbox 456 3313 575 3395; x_wconf 84' lang='lat' dir='ltr'>caelis,</span> <span class='ocrx_word' id='word_1_111' title='bbox 600 3319 635 3380; x_wconf 86' lang='lat' dir='ltr'>et</span> <span class='ocrx_word' id='word_1_112' title='bbox 657 3331 890 3398; x_wconf 88' lang='lat' dir='ltr'>personarum</span> 
     </span>
     <span class='ocr_line' id='line_1_25' title="bbox 321 3417 1024 3502; baseline -0.011 -18"><span class='ocrx_word' id='word_1_113' title='bbox 321 3417 483 3501; x_wconf 82' lang='lat' dir='ltr'>acceptio</span> <span class='ocrx_word' id='word_1_114' title='bbox 522 3436 592 3482; x_wconf 92' lang='lat' dir='ltr'>non</span> <span class='ocrx_word' id='word_1_115' title='bbox 628 3423 682 3484; x_wconf 85' lang='lat' dir='ltr'>est</span> <span class='ocrx_word' id='word_1_116' title='bbox 718 3419 813 3502; x_wconf 90' lang='lat' dir='ltr'>apud</span> <span class='ocrx_word' id='word_1_117' title='bbox 844 3418 891 3483; x_wconf 93' lang='lat' dir='ltr'>il·</span> <span class='ocrx_word' id='word_1_118' title='bbox 945 3433 1024 3478; x_wconf 86' lang='lat' dir='ltr'>eum</span> 
     </span>
     <span class='ocr_line' id='line_1_26' title="bbox 322 3521 441 3604; baseline 0 -17"><span class='ocrx_word' id='word_1_119' title='bbox 322 3521 441 3604; x_wconf 55' lang='lat' dir='ltr'>lumt)</span> 
     </span>
     <span class='ocr_line' id='line_1_27' title="bbox 386 3624 1044 3706; baseline -0.006 -14"><span class='ocrx_word' id='word_1_120' title='bbox 386 3648 420 3700; x_wconf 82' lang='lat' dir='ltr'>v.</span> <span class='ocrx_word' id='word_1_121' title='bbox 441 3626 492 3696; x_wconf 84' lang='lat'>12.</span> <span class='ocrx_word' id='word_1_122' title='bbox 516 3632 656 3693; x_wconf 90' lang='lat' dir='ltr'>nonest</span> <span class='ocrx_word' id='word_1_123' title='bbox 673 3627 792 3706; x_wconf 88' lang='lat' dir='ltr'>vobis</span> <span class='ocrx_word' id='word_1_124' title='bbox 809 3645 890 3692; x_wconf 84' lang='lat' dir='ltr'>con·</span> <span class='ocrx_word' id='word_1_125' title='bbox 944 3624 1044 3689; x_wconf 87' lang='lat' dir='ltr'>nobis</span> 
     </span>
     <span class='ocr_line' id='line_1_28' title="bbox 321 3733 891 3799; baseline -0.004 0"><span class='ocrx_word' id='word_1_126' title='bbox 321 3733 467 3799; x_wconf 85' lang='lat' dir='ltr'>luctatio</span> <span class='ocrx_word' id='word_1_127' title='bbox 490 3733 662 3796; x_wconf 83' lang='lat' dir='ltr'>adversus</span> <span class='ocrx_word' id='word_1_128' title='bbox 685 3750 829 3797; x_wconf 83' lang='lat' dir='ltr'>earnem</span> <span class='ocrx_word' id='word_1_129' title='bbox 856 3738 891 3798; x_wconf 87' lang='lat' dir='ltr'>et</span> 
     </span>
     <span class='ocr_line' id='line_1_29' title="bbox 321 3821 890 3921; baseline 0 -19"><span class='ocrx_word' id='word_1_130' title='bbox 321 3838 539 3921; x_wconf 85' lang='lat' dir='ltr'>sanguinem,</span> <span class='ocrx_word' id='word_1_131' title='bbox 557 3821 619 3901; x_wconf 84' lang='lat' dir='ltr'>sed</span> <span class='ocrx_word' id='word_1_132' title='bbox 635 3836 807 3901; x_wconf 79' lang='lat' dir='ltr'>adversus</span> <span class='ocrx_word' id='word_1_133' title='bbox 822 3857 890 3921; x_wconf 89' lang='lat' dir='ltr'>po·</span> 
     </span>
     <span class='ocr_line' id='line_1_30' title="bbox 322 3932 1587 4025; baseline -0.009 -18"><span class='ocrx_word' id='word_1_134' title='bbox 322 3941 888 4025; x_wconf 82' lang='lat' dir='ltr'>testatesetprineipeshu-</span> <span class='ocrx_word' id='word_1_135' title='bbox 945 3937 1054 4003; x_wconf 76' lang='lat' dir='ltr'>Stellz</span> <span class='ocrx_word' id='word_1_136' title='bbox 1088 3932 1512 4021; x_wconf 83' lang='lat' dir='ltr'>prine.etp0test.‚ad-</span> <span class='ocrx_word' id='word_1_137' title='bbox 1586 4009 1587 4020; x_wconf 9' lang='grc' dir='ltr'>ἵ</span> 
     </span>
     <span class='ocr_line' id='line_1_31' title="bbox 323 4025 1587 4111; baseline -0.007 -1"><span class='ocrx_word' id='word_1_138' title='bbox 323 4047 387 4110; x_wconf 92' lang='lat' dir='ltr'>ius</span> <span class='ocrx_word' id='word_1_139' title='bbox 403 4046 540 4110; x_wconf 91' lang='lat' dir='ltr'>mundi</span> <span class='ocrx_word' id='word_1_140' title='bbox 557 4049 598 4110; x_wconf 90' lang='lat' dir='ltr'>et</span> <span class='ocrx_word' id='word_1_141' title='bbox 615 4045 761 4109; x_wconf 89' lang='lat' dir='ltr'>harum</span> <span class='ocrx_word' id='word_1_142' title='bbox 776 4052 905 4111; x_wconf 79' lang='lat' dir='ltr'>tene·</span> <span class='ocrx_word' id='word_1_143' title='bbox 987 4059 1112 4107; x_wconf 85' lang='lat' dir='ltr'>versus</span> <span class='ocrx_word' id='word_1_144' title='bbox 1134 4040 1255 4105; x_wconf 90' lang='lat' dir='ltr'>mundi</span> <span class='ocrx_word' id='word_1_145' title='bbox 1282 4043 1440 4104; x_wconf 83' lang='lat' dir='ltr'>rectores</span> <span class='ocrx_word' id='word_1_146' title='bbox 1462 4041 1510 4102; x_wconf 88' lang='lat' dir='ltr'>te·</span> <span class='ocrx_word' id='word_1_147' title='bbox 1586 4025 1587 4060; x_wconf 58' lang='lat'>¹</span> 
     </span>
     <span class='ocr_line' id='line_1_32' title="bbox 322 4146 1512 4232; baseline -0.006 -18"><span class='ocrx_word' id='word_1_148' title='bbox 322 4151 507 4230; x_wconf 75' lang='lat' dir='ltr'>braium,</span> <span class='ocrx_word' id='word_1_149' title='bbox 540 4149 744 4214; x_wconf 87' lang='lat' dir='ltr'>adversus</span> <span class='ocrx_word' id='word_1_150' title='bbox 773 4151 891 4232; x_wconf 87' lang='lat' dir='ltr'>spiri·</span> <span class='ocrx_word' id='word_1_151' title='bbox 952 4189 953 4192; x_wconf 57' lang='lat'><em>=</em></span> <span class='ocrx_word' id='word_1_152' title='bbox 987 4149 1173 4212; x_wconf 85' lang='lat' dir='ltr'>nebrarem</span> <span class='ocrx_word' id='word_1_153' title='bbox 1209 4146 1345 4226; x_wconf 84' lang='lat' dir='ltr'>harum,</span> <span class='ocrx_word' id='word_1_154' title='bbox 1390 4147 1512 4208; x_wconf 84' lang='lat' dir='ltr'>eontra</span> 
     </span>
     <span class='ocr_line' id='line_1_33' title="bbox 323 4249 1337 4336; baseline -0.004 -16"><span class='ocrx_word' id='word_1_155' title='bbox 323 4254 429 4320; x_wconf 89' lang='lat' dir='ltr'>talia</span> <span class='ocrx_word' id='word_1_156' title='bbox 472 4253 651 4336; x_wconf 85' lang='lat' dir='ltr'>nequitiae</span> <span class='ocrx_word' id='word_1_157' title='bbox 697 4253 731 4317; x_wconf 92' lang='lat' dir='ltr'>in</span> <span class='ocrx_word' id='word_1_158' title='bbox 777 4255 891 4319; x_wconf 81' lang='lat' dir='ltr'>caele·</span> <span class='ocrx_word' id='word_1_159' title='bbox 987 4249 1184 4335; x_wconf 82' lang='lat' dir='ltr'>spiritualia</span> <span class='ocrx_word' id='word_1_160' title='bbox 1202 4250 1271 4316; x_wconf 90' lang='lat' dir='ltr'>n.i</span> <span class='ocrx_word' id='word_1_161' title='bbox 1305 4269 1337 4316; x_wconf 82' lang='lat' dir='ltr'>c.</span> 
     </span>
     <span class='ocr_line' id='line_1_34' title="bbox 322 4359 443 4424; baseline -0.008 0"><span class='ocrx_word' id='word_1_162' title='bbox 322 4359 443 4424; x_wconf 89' lang='lat' dir='ltr'>stibus.</span> 
     </span>
    </p>
   </div>
   <div class='ocr_carea' id='block_1_2' title="bbox 322 4511 1508 4674">
    <p class='ocr_par' dir='ltr' id='par_1_2' title="bbox 322 4511 1508 4674">
     <span class='ocr_line' id='line_1_35' title="bbox 427 4511 1508 4585; baseline -0.007 -16"><span class='ocrx_word' id='word_1_163' title='bbox 427 4517 446 4583; x_wconf 85' lang='lat'>¹)</span> <span class='ocrx_word' id='word_1_164' title='bbox 468 4531 526 4585; x_wconf 83' lang='lat'><strong>170,</strong></span> <span class='ocrx_word' id='word_1_165' title='bbox 547 4531 579 4584; x_wconf 93' lang='lat'>14</span> <span class='ocrx_word' id='word_1_166' title='bbox 596 4513 702 4568; x_wconf 88' lang='lat' dir='ltr'>testim.</span> <span class='ocrx_word' id='word_1_167' title='bbox 722 4513 768 4582; x_wconf 96' lang='grc' dir='ltr'><strong>ΙΙΙ,</strong></span> <span class='ocrx_word' id='word_1_168' title='bbox 787 4529 828 4584; x_wconf 93' lang='grc' dir='ltr'>7ο.</span> <span class='ocrx_word' id='word_1_169' title='bbox 847 4543 880 4553; x_wconf 83' lang='grc'>-</span> <span class='ocrx_word' id='word_1_170' title='bbox 899 4515 918 4581; x_wconf 88' lang='lat'>¹)</span> <span class='ocrx_word' id='word_1_171' title='bbox 941 4530 998 4584; x_wconf 89' lang='lat'><em>170,</em></span> <span class='ocrx_word' id='word_1_172' title='bbox 1020 4529 1052 4582; x_wconf 90' lang='lat'>19</span> <span class='ocrx_word' id='word_1_173' title='bbox 1069 4513 1174 4567; x_wconf 86' lang='lat' dir='ltr'>testim.</span> <span class='ocrx_word' id='word_1_174' title='bbox 1194 4511 1240 4581; x_wconf 90' lang='grc' dir='ltr'><strong>ΙΙΙ,</strong></span> <span class='ocrx_word' id='word_1_175' title='bbox 1260 4529 1300 4584; x_wconf 89' lang='lat'>71.</span> <span class='ocrx_word' id='word_1_176' title='bbox 1325 4541 1353 4550; x_wconf 50' lang='grc' dir='ltr'><strong><em>ψ</em></strong></span> <span class='ocrx_word' id='word_1_177' title='bbox 1377 4513 1398 4581; x_wconf 82' lang='lat'>¹)</span> <span class='ocrx_word' id='word_1_178' title='bbox 1419 4527 1475 4581; x_wconf 85' lang='lat'><em>171,</em></span> <span class='ocrx_word' id='word_1_179' title='bbox 1492 4525 1508 4561; x_wconf 85' lang='lat'><em>2</em></span> 
     </span>
     <span class='ocr_line' id='line_1_36' title="bbox 322 4601 1005 4674; baseline -0.004 -17"><span class='ocrx_word' id='word_1_180' title='bbox 322 4602 426 4658; x_wconf 88' lang='lat' dir='ltr'>testim.</span> <span class='ocrx_word' id='word_1_181' title='bbox 447 4602 492 4672; x_wconf 86' lang='lat'>111,</span> <span class='ocrx_word' id='word_1_182' title='bbox 511 4619 552 4674; x_wconf 86' lang='lat'>72.</span> <span class='ocrx_word' id='word_1_183' title='bbox 572 4633 606 4642; x_wconf 92' lang='lat'><em>-</em></span> <span class='ocrx_word' id='word_1_184' title='bbox 623 4603 643 4669; x_wconf 81' lang='lat'>⁴)</span> <span class='ocrx_word' id='word_1_185' title='bbox 665 4618 723 4673; x_wconf 84' lang='lat'>171,</span> <span class='ocrx_word' id='word_1_186' title='bbox 739 4603 758 4655; x_wconf 92' lang='lat'><em>8</em></span> <span class='ocrx_word' id='word_1_187' title='bbox 774 4601 880 4656; x_wconf 89' lang='lat' dir='ltr'>testim.</span> <span class='ocrx_word' id='word_1_188' title='bbox 900 4601 944 4672; x_wconf 90' lang='lat'>111,</span> <span class='ocrx_word' id='word_1_189' title='bbox 963 4618 1005 4674; x_wconf 84' lang='lat'>73.</span> 
     </span>
    </p>
   </div>
   <div class='ocr_carea' id='block_1_3' title="bbox 0 0 1608 5048">
    <p class='ocr_par' dir='ltr' id='par_1_3' title="bbox 0 0 1608 5048">
     <span class='ocr_line' id='line_1_37' title="bbox 0 0 1608 5048; baseline 0 0"><span class='ocrx_word' id='word_1_190' title='bbox 0 0 1608 5048; x_wconf 95' lang='lat' dir='ltr'> </span> 
     </span>
    </p>
   </div>
  </div>
 </body>
</html>
