3198 5048
444 671 716 757 Cyprianus
1107 670 1318 756 Vulgata

302 811 727 830 mmo-a*
736 811 966 828 33---——-“

368 900 418 965 10.
442 900 475 964 is
498 900 607 964 bibit
629 901 677 965 de
696 901 779 965 vino
798 900 873 965 irae
929 905 964 964 et
1002 900 1061 964 hie
1097 900 1195 965 bibet
1232 901 1276 964 de
1308 918 1342 964 V.
1371 900 1392 964 i.
1422 899 1503 980 Dei,

303 1005 386 1086 eius,
411 1008 446 1069 et
467 1006 632 1088 punietur
654 1006 735 1089 igne
750 1010 785 1070 et
807 1007 873 1070 sul·
971 1003 1063 1086 quod
1096 1003 1236 1068 mistum
1266 1007 1318 1068 est
1342 1022 1441 1069 mero
1465 1005 1502 1068 in

304 1111 415 1194 phure
437 1111 501 1174 sub
524 1111 636 1176 oeulis
668 1111 874 1194 angelorum
971 1108 1085 1172 calioe
1108 1107 1183 1172 irae
1206 1107 1314 1190 ipsius
1331 1111 1367 1171 et
1389 1108 1504 1171 cruci-

304 1219 508 1280 sanetorum
527 1219 562 1281 et
576 1215 640 1280 sub
655 1215 765 1279 oeulis
780 1215 873 1298 agni.
971 1211 1089 1276 abitur
1136 1209 1217 1293 igne
1258 1214 1294 1275 et
1333 1211 1504 1292 sulphure

971 1315 1007 1379 in
1058 1320 1250 1398 conspeetu
1294 1316 1504 1398 angelorum
1586 1317 1587 1404 J

972 1423 1185 1501 sanctorum,
1231 1423 1377 1484 etanta
1418 1437 1503 1483 eon-

973 1528 1133 1607 speetum
1157 1523 1250 1605 agni.

372 1634 421 1698 11.
445 1637 480 1698 et
493 1633 608 1696 fumus
622 1635 876 1696 tormentorum
1390 1675 1392 1679 .

306 1754 427 1802 eorum
440 1735 477 1800 in
496 1736 641 1801 saecula
655 1737 876 1801 saeculorum
931 1731 1101 1796 aseendet
1123 1751 1189 1796 vor
1211 1733 1246 1796 in
1269 1732 1414 1796 saecula
1438 1749 1465 1795 s,

307 1839 486 1906 ascendet.
501 1838 525 1920 ¹)

501 2045 585 2131 Cap.
609 2047 686 2113 XV.

373 2188 408 2234 v.
427 2167 457 2236 2.
481 2168 525 2232 Et
543 2167 618 2232 ¹uidi
640 2168 757 2251 quasi
779 2184 878 2232 mare
932 2170 1113 2249 tamquam
1586 2217 1587 2224 ,

309 2274 460 2337 vitreum
475 2271 622 2335 mixtum
637 2271 735 2354 igni,
755 2276 789 2336 et
809 2271 879 2336 vic·
932 2271 1013 2353 igne
1058 2275 1093 2338 et
1137 2285 1206 2352 eos,
1242 2268 1302 2352 qui
1339 2268 1505 2332 vicerunt
1586 2273 1587 2350 t

309 2381 403 2441 toros
417 2376 552 2441 bestiae
568 2379 603 2439 et
617 2375 780 2458 imaginis
795 2375 878 2456 eim,
975 2375 1135 2458 bestiam,
1159 2379 1194 2438 et
1216 2373 1407 2455 imaginem
1431 2371 1506 2434 eius

310 2485 345 2544 et
393 2497 559 2544 numerus
607 2479 757 2543 nominis
806 2478 879 2544 eius
976 2485 1011 2544 et
1033 2497 1217 2544 nuunerum
1239 2497 1273 2542 n.
1297 2496 1326 2541 e.

311 2583 531 2649 CXLIIII
564 2586 699 2648 stantes
737 2599 879 2665 supra
934 2581 1096 2647 OXLIIII
1119 2582 1208 2647 fehlt
1295 2597 1402 2663 super

310 2706 409 2754 mare
444 2687 606 2769 vitreum,
628 2687 801 2752 habentes
834 2686 880 2750 oi-

310 2793 432 2857 tharas
455 2791 532 2874 Dei,

377 2911 397 2978 3
430 2916 466 2977 et
489 2915 675 2976 cantantes
703 2912 881 2978 canticum

312 3017 428 3099 Moysi
440 3018 535 3081 servi
554 3017 631 3099 Dei,
651 3023 686 3082 et
704 3017 882 3081 oantieum

313 3121 725 3204 agni,dieentes:magna
735 3125 770 3186 et
780 3121 882 3186 mira-

314 3228 400 3292 bilia
438 3226 455 3266 i
493 3243 602 3310 opera
639 3230 701 3289 tua
723 3224 882 3304 Domine,
938 3223 1060 3286 *sunt

313 3330 409 3397 Deus
441 3329 670 3412 omnipotens,
701 3328 815 3393 iustae
849 3332 884 3392 et

313 3454 423 3501 verae
467 3435 549 3498 viae
584 3440 666 3498 tuae
699 3436 789 3514 sunt,
819 3450 883 3497 rex
936 3435 1017 3495 sunt
1039 3449 1105 3495 vor
1127 3430 1209 3496 viae

314 3539 510 3622 gentium.
936 3535 1158 3600 saeculorum

379 3661 409 3723 4.
434 3658 510 3741 quis
550 3677 620 3722 non
665 3658 804 3722 timeat
850 3662 885 3721 et
936 3655 1073 3720 timebit
1088 3659 1134 3736 te,
1150 3653 1309 3735 Domine,
1323 3659 1359 3719 et
1377 3653 1508 3734 magni-

316 3763 375 3827 det
388 3763 556 3827 honorem
572 3762 704 3826 nomini
718 3766 787 3843 tu0,
802 3763 885 3844 quia
980 3759 1101 3824 fioabit
1123 3777 1250 3822 nomen
1274 3757 1394 3822 tuum?

316 3868 409 3931 solus
437 3867 525 3951 pius,
558 3871 597 3932 et
620 3865 784 3948 quoniam
816 3885 885 3929 om·
938 3883 975 3929 es
1054 3869 1089 3928 et
1111 3863 1200 3929 fehlt

421 4057 440 4125 ¹)
462 4057 519 4127 163,
537 4072 570 4110 21
590 4063 654 4110 test.
674 4053 718 4122 111,
735 4073 777 4126 59.
815 4055 957 4126 Dagegen
983 4054 1072 4109 lautet
1096 4053 1226 4108 dieselbe
1245 4051 1336 4106 Stelle
1354 4071 1419 4124 324,
1436 4070 1453 4122 4
1471 4053 1511 4108 ad

318 4142 464 4198 Fortunat.
483 4160 511 4213 3:
539 4142 564 4196 si
583 4141 648 4213 quis
666 4143 769 4196 adorat
788 4141 912 4196 bestiam
932 4150 961 4195 et
979 4139 1138 4210 imaginem
1158 4139 1221 4194 eius
1239 4147 1268 4194 et
1285 4139 1392 4212 accipit
1409 4149 1510 4194 notam

317 4231 346 4286 in
364 4231 460 4286 fronte
478 4247 531 4284 sua
549 4239 579 4284 et
597 4229 625 4284 in
651 4245 748 4298 manu,
767 4229 845 4283 bibet
864 4237 894 4284 et
912 4228 976 4299 ipse
995 4228 1032 4282 de
1050 4227 1119 4282 vino
1138 4227 1200 4281 irae
1226 4225 1281 4281 Dei
1300 4225 1392 4281 mixto
1411 4225 1441 4280 in
1458 4242 1509 4296 po·

317 4319 382 4374 culo
401 4318 464 4374 irae
482 4317 554 4386 eiuS,
573 4325 602 4371 et
611 4315 747 4387 punietur
766 4316 834 4386 igne
852 4325 882 4370 et
899 4315 1039 4386 sulphure
1058 4315 1111 4369 sub
1130 4313 1221 4368 oeulis
1234 4322 1402 4368 sanctorum
1421 4330 1510 4382 ange·
1586 4383 1587 4388 ἵ

319 4407 412 4461 lorum
432 4415 461 4460 et
478 4404 533 4460 sub
551 4403 642 4458 oculis
660 4401 743 4472 agni;
758 4411 787 4456 et
804 4401 900 4457 sumus
919 4403 956 4456 de
970 4401 1124 4456 tormentis
1142 4417 1244 4455 eorum
1264 4399 1293 4454 in
1313 4399 1430 4454 saecula
1448 4415 1514 4454 sae·
1586 4407 1587 4470 l

318 4495 448 4550 culorum
468 4492 619 4547 ascendet:
634 4507 692 4545 ¹nec
711 4489 860 4544 habebunt
878 4489 1011 4560 requiem
1030 4489 1078 4544 die
1096 4497 1126 4543 et
1145 4496 1239 4559 nocte,
1258 4486 1423 4559 quicunque
1442 4487 1512 4542 ado·

319 4589 383 4636 rant
401 4579 526 4635 bestiam
546 4587 575 4632 et
592 4577 750 4648 imaginem
770 4575 842 4644 eius,
861 4575 918 4630 und
937 4575 1046 4630 ebenso
1064 4577 1125 4645 663,
1143 4591 1161 4646 5
1179 4591 1225 4646 ep.
1244 4576 1288 4646 58,
1306 4589 1330 4646 7.
