3236 5056
443 669 709 756 Cyprianus
1100 675 1308 760 Vulgata

296 898 369 962 bris
403 904 438 964 et
474 901 645 966 tenebrae
682 920 761 966 eam
796 922 866 967 non

297 1005 639 1087 conprehenderunt.
657 1003 685 1092 1)

360 1128 395 1175 v.
418 1109 449 1177 9.
494 1109 560 1176 fuit
583 1111 701 1176 lumen
730 1128 866 1190 verum,
921 1115 999 1175 erat
1021 1112 1082 1175 lux
1105 1129 1203 1192 vera,
1227 1130 1318 1195 quiae

297 1214 389 1296 quod
413 1215 636 1280 inluminat
659 1233 786 1280 omnen
809 1214 867 1278 ho·
921 1215 1097 1280 illuminat

296 1317 436 1399 minem,
478 1319 681 1386 venientem
704 1320 740 1384 in
774 1319 868 1384 hunc

296 1421 475 1485 mundum.
1246 1503 1248 1507 v

362 1521 413 1588 10.
457 1524 494 1587 in
520 1525 597 1590 hoc
619 1529 749 1594 mundo
772 1530 867 1613 fuit,
921 1525 988 1590 hoc
1010 1527 1099 1592 fehlt
1186 1531 1263 1592 erat

297 1628 503 1693 otmundus
526 1648 591 1712 per
613 1631 728 1715 ipsum
752 1633 867 1698 factus

297 1736 360 1813 est,
401 1737 436 1798 et
479 1737 629 1801 mundus
675 1755 754 1802 eum
798 1756 868 1802 non

297 1855 319 1901 a
328 1856 384 1920 gn
394 1857 414 1902 o
426 1857 450 1903 v
460 1839 472 1902 i
482 1844 505 1906 t.
521 1838 546 1920 2)
922 1838 1090 1920 cognovit

361 1959 396 2008 v.
420 1941 471 2006 11.
517 1943 553 2007 in
598 1963 679 2008 sua
723 1945 869 2029 propria
922 1961 986 2008 sua
1008 1944 1096 2008 fehlt
1324 1959 1341 1990 ²

296 2046 405 2127 venit,
429 2051 465 2112 et
487 2047 541 2112 sui
564 2065 644 2112 eum
667 2067 737 2113 non
771 2066 869 2114 rece-

297 2155 435 2234 perunt.

364 2254 414 2321 12.
439 2255 633 2339 quotquot*
648 2275 868 2322 eumrece-
924 2255 941 2294 f
965 2260 1094 2336 autem,
1140 2254 1252 2322 Stell:
1275 2273 1346 2321 rec.
1371 2274 1451 2320 eum

297 2366 469 2443 perunt,
510 2360 606 2425 dedit
645 2360 715 2424 illis
755 2367 868 2445 potes-

298 2469 418 2547 tatem,
438 2469 475 2529 ut
494 2465 665 2530 filiiDei
681 2465 867 2546 fierent*‚
922 2464 1011 2528 filios
1034 2464 1101 2528 Dei
1124 2466 1200 2530 fieri
1290 2465 1307 2504 ¹*
1332 2465 1387 2529 his

298 2570 357 2652 qui
375 2570 525 2634 credunt
538 2570 574 2634 in
592 2568 733 2634 nomine
751 2568 868 2655 eiua.³)

362 2693 397 2739 v.
417 2671 472 2740 26.
511 2679 552 2739 et
574 2674 756 2757 respondit
778 2675 868 2739 illis
922 2676 958 2736 et
980 2672 1068 2737 fehlt
1156 2673 1206 2738 eis

298 2778 319 2842 J
322 2779 500 2846 oannesz*
521 2797 586 2862 ego
603 2778 763 2860 quidem
784 2780 868 2862 bap·
923 2776 940 2815 *
965 2777 1087 2843 dicens
1174 2777 1315 2859 quidem
1334 2777 1423 2843 fehlt

298 2882 367 2946 tino
382 2883 418 2946 in
430 2901 534 2966 aqua,
546 2884 587 2947 in
598 2881 733 2946 medio
749 2887 867 2947 autem
920 2882 1055 2946 medius

298 2990 456 3052 vestrum
479 2993 581 3069 stat,
605 3005 709 3069 quem
732 3004 797 3050 vos
819 2986 868 3068 ig·
921 2987 1018 3052 stetit

298 3093 474 3172 noratis,
921 3089 1065 3154 nescitis

364 3193 415 3261 27.
461 3195 537 3278 ipse
572 3198 626 3259 est
662 3195 784 3278 enim,
821 3196 867 3260 de
922 3195 1024 3275 enim,
1049 3196 1093 3259 de
1116 3211 1183 3276 quo
1207 3192 1280 3257 dixi
1303 3193 1391 3258 fehlt

299 3320 378 3383 quo
394 3299 497 3380 dixi,
510 3303 674 3381 postme
690 3299 868 3364 veniens
922 3306 984 3377 est,
1004 3301 1062 3383 qui
1077 3305 1156 3381 post
1169 3317 1225 3362 me
1241 3303 1411 3363 venturus
1430 3303 1492 3379 est,

299 3405 418 3469 homo
442 3409 537 3468 ante
559 3421 620 3467 me
643 3403 781 3468 factus
805 3410 867 3486 est,
965 3404 1024 3486 qui
1047 3410 1130 3468 ante
1153 3422 1209 3469 me
1233 3404 1350 3468 factus
1374 3409 1437 3486 est,

300 3507 418 3573 cuius*
438 3525 509 3571 non
526 3525 603 3571 eum
622 3507 757 3589 dignae,
777 3526 868 3572 cor·
924 3507 941 3546 a
966 3525 1031 3589 ego
1054 3511 1092 3571 ut
1120 3507 1257 3570 solvam
1285 3507 1359 3572 eius
1387 3509 1491 3572 corri-

299 3614 450 3696 rigiam
473 3611 753 3676 calceamenti
785 3614 869 3676 sol·
965 3612 1061 3695 giam
1084 3613 1331 3677 calceamenti.

300 3738 323 3782 v
336 3736 423 3784 ere.
440 3714 469 3803 4)

365 3839 399 3887 v.
413 3818 465 3887 29.
490 3820 605 3885 altera
628 3819 685 3885 die
708 3820 798 3885 vidit
813 3820 869 3885 Jo-

300 3944 411 3992 annes
434 3925 455 3989 J
458 3943 555 3996 esum
587 3925 789 3989 venientem
823 3926 869 3989 ad

301 4050 348 4112 se,
381 4035 416 4096 et
447 4029 515 4096 ait:
540 4046 625 4094 ecce
657 4046 769 4110 agnus
793 4028 869 4109 Dei,

301 4134 468 4216 eccequi
491 4134 655 4199 auferet
687 4137 870 4217 peccata
924 4131 1015 4195 tollit
1102 4134 1288 4213 peccatum

300 4238 430 4304 mundi.
451 4237 480 4324 5)

405 4409 426 4479 ¹)
444 4409 506 4480 65,2
523 4407 628 4463 testim·
647 4407 679 4478 ΙΙ,
696 4423 721 4477 3.
758 4408 821 4463 Der
842 4425 864 4463 1.
883 4423 910 4464 v.
934 4408 1010 4463 steht
1039 4407 1113 4462 auch
1141 4425 1184 4478 70,
1202 4423 1218 4477 7
1237 4405 1342 4461 testim.
1363 4405 1397 4474 ll,
1413 4405 1439 4462 6.
1459 4435 1491 4446 -·

300 4499 320 4565 ²)
340 4515 382 4566 44,
399 4513 432 4550 21
452 4495 556 4550 testim.
576 4495 596 4564 1,
615 4513 639 4566 7.
667 4527 700 4536 -
719 4497 740 4564 ⁸)
758 4513 802 4566 42,
820 4511 838 4565 3
854 4496 960 4552 testim.
979 4495 1000 4564 1,
1018 4512 1036 4564 3
1054 4512 1080 4550 u,
1098 4512 1159 4566 272,
1180 4511 1212 4564 14
1231 4495 1269 4548 de
1288 4494 1364 4547 dom.
1384 4499 1492 4561 orat9

300 4614 334 4622 -
352 4585 372 4651 ⁴)
381 4584 425 4654 87,
442 4581 574 4654 atestim.
585 4581 618 4653 ll,
632 4599 671 4653 19.
682 4613 716 4622 -
725 4581 748 4654 ⁸)
759 4585 804 4653 82,
818 4600 830 4638 1
842 4583 948 4638 testim.
960 4581 993 4648 11,
1005 4598 1045 4654 15.
