<?xml version="1.0" encoding="UTF-8"?>
<!DOCTYPE html PUBLIC "-//W3C//DTD XHTML 1.0 Transitional//EN"
    "http://www.w3.org/TR/xhtml1/DTD/xhtml1-transitional.dtd">
<html xmlns="http://www.w3.org/1999/xhtml" xml:lang="en" lang="en">
 <head>
  <title>
</title>
<meta http-equiv="Content-Type" content="text/html;charset=utf-8" />
  <meta name='ocr-system' content='tesseract 3.04.00' />
  <meta name='ocr-capabilities' content='ocr_page ocr_carea ocr_par ocr_line ocrx_word'/>
</head>
<body>
  <div class='ocr_page' id='page_1' title='image "./derneutestament00heidgoog_0128.png"; bbox 0 0 3198 5048; ppageno 0'>
   <div class='ocr_carea' id='block_1_1' title="bbox 289 638 563 726">
    <p class='ocr_par' dir='ltr' id='par_1_1' title="bbox 289 638 563 726">
     <span class='ocr_line' id='line_1_1' title="bbox 289 638 563 726; baseline -0.004 -20"><span class='ocrx_word' id='word_1_1' title='bbox 289 638 563 726; x_wconf 74' lang='lat' dir='ltr'><strong>Cyprianus</strong></span> 
     </span>
    </p>
   </div>
   <div class='ocr_carea' id='block_1_2' title="bbox 358 866 510 952">
    <p class='ocr_par' dir='ltr' id='par_1_2' title="bbox 358 866 510 952">
     <span class='ocr_line' id='line_1_2' title="bbox 358 866 510 952; baseline 0.007 -20"><span class='ocrx_word' id='word_1_2' title='bbox 358 866 443 952; x_wconf 79' lang='lat' dir='ltr'>Cap.</span> <span class='ocrx_word' id='word_1_3' title='bbox 469 868 510 934; x_wconf 93' lang='lat' dir='ltr'>V.</span> 
     </span>
    </p>
   </div>
   <div class='ocr_carea' id='block_1_3' title="bbox 147 989 1157 1488">
    <p class='ocr_par' dir='ltr' id='par_1_3' title="bbox 147 989 1157 1488">
     <span class='ocr_line' id='line_1_3' title="bbox 213 989 718 1056; baseline 0.006 -5"><span class='ocrx_word' id='word_1_4' title='bbox 213 1008 247 1056; x_wconf 90' lang='lat' dir='ltr'>v.</span> <span class='ocrx_word' id='word_1_5' title='bbox 273 989 303 1054; x_wconf 92' lang='lat'>1.</span> <span class='ocrx_word' id='word_1_6' title='bbox 349 989 393 1054; x_wconf 85' lang='lat' dir='ltr'>Et</span> <span class='ocrx_word' id='word_1_7' title='bbox 424 989 499 1053; x_wconf 92' lang='lat' dir='ltr'>vidi</span> <span class='ocrx_word' id='word_1_8' title='bbox 531 990 660 1054; x_wconf 90' lang='lat' dir='ltr'>librum</span> <span class='ocrx_word' id='word_1_9' title='bbox 683 990 718 1054; x_wconf 89' lang='lat' dir='ltr'>in</span> 
     </span>
     <span class='ocr_line' id='line_1_4' title="bbox 148 1093 1146 1178; baseline 0.004 -20"><span class='ocrx_word' id='word_1_10' title='bbox 148 1095 297 1159; x_wconf 88' lang='lat' dir='ltr'>dextera</span> <span class='ocrx_word' id='word_1_11' title='bbox 320 1093 396 1159; x_wconf 92' lang='lat' dir='ltr'>Dei</span> <span class='ocrx_word' id='word_1_12' title='bbox 415 1093 569 1158; x_wconf 88' lang='lat' dir='ltr'>sedentis</span> <span class='ocrx_word' id='word_1_13' title='bbox 592 1113 720 1178; x_wconf 88' lang='lat' dir='ltr'>super</span> <span class='ocrx_word' id='word_1_14' title='bbox 774 1095 841 1160; x_wconf 90' lang='lat' dir='ltr'>Dei</span> <span class='ocrx_word' id='word_1_15' title='bbox 859 1095 949 1160; x_wconf 84' lang='lat' dir='ltr'>fehlt</span> <span class='ocrx_word' id='word_1_16' title='bbox 1038 1112 1146 1178; x_wconf 84' lang='lat' dir='ltr'>supra</span> 
     </span>
     <span class='ocr_line' id='line_1_5' title="bbox 147 1197 1157 1281; baseline 0.003 -20"><span class='ocrx_word' id='word_1_17' title='bbox 147 1198 312 1262; x_wconf 75' lang='lat' dir='ltr'><strong>thronum</strong></span> <span class='ocrx_word' id='word_1_18' title='bbox 349 1197 517 1281; x_wconf 87' lang='lat' dir='ltr'>scriptum</span> <span class='ocrx_word' id='word_1_19' title='bbox 553 1199 647 1264; x_wconf 86' lang='lat' dir='ltr'>intus</span> <span class='ocrx_word' id='word_1_20' title='bbox 684 1205 719 1265; x_wconf 90' lang='lat' dir='ltr'>et</span> <span class='ocrx_word' id='word_1_21' title='bbox 774 1201 901 1264; x_wconf 86' lang='lat' dir='ltr'>librum</span> <span class='ocrx_word' id='word_1_22' title='bbox 925 1199 1019 1264; x_wconf 88' lang='lat' dir='ltr'>nach</span> <span class='ocrx_word' id='word_1_23' title='bbox 1042 1199 1157 1264; x_wconf 89' lang='lat' dir='ltr'>thron.</span> 
     </span>
     <span class='ocr_line' id='line_1_6' title="bbox 147 1300 1069 1387; baseline 0.001 -21"><span class='ocrx_word' id='word_1_24' title='bbox 147 1305 297 1382; x_wconf 87' lang='lat' dir='ltr'>retro,</span> <span class='ocrx_word' id='word_1_25' title='bbox 347 1300 523 1383; x_wconf 86' lang='lat' dir='ltr'>signatum</span> <span class='ocrx_word' id='word_1_26' title='bbox 563 1303 719 1386; x_wconf 86' lang='lat' dir='ltr'>signis</span> <span class='ocrx_word' id='word_1_27' title='bbox 773 1305 858 1370; x_wconf 84' lang='lat' dir='ltr'>foris</span> <span class='ocrx_word' id='word_1_28' title='bbox 946 1303 1069 1387; x_wconf 87' lang='lat' dir='ltr'>sigillis</span> 
     </span>
     <span class='ocr_line' id='line_1_7' title="bbox 149 1407 296 1488; baseline -0.007 -19"><span class='ocrx_word' id='word_1_29' title='bbox 149 1407 296 1488; x_wconf 88' lang='lat' dir='ltr'>septem,</span> 
     </span>
    </p>
   </div>
   <div class='ocr_carea' id='block_1_4' title="bbox 147 1523 1310 2566">
    <p class='ocr_par' dir='ltr' id='par_1_4' title="bbox 147 1523 1310 2566">
     <span class='ocr_line' id='line_1_8' title="bbox 214 1523 718 1612; baseline 0.008 -22"><span class='ocrx_word' id='word_1_30' title='bbox 214 1523 244 1593; x_wconf 84' lang='lat'>2.</span> <span class='ocrx_word' id='word_1_31' title='bbox 262 1530 298 1591; x_wconf 88' lang='lat' dir='ltr'>et</span> <span class='ocrx_word' id='word_1_32' title='bbox 312 1527 387 1590; x_wconf 89' lang='lat' dir='ltr'>vidi</span> <span class='ocrx_word' id='word_1_33' title='bbox 401 1528 565 1610; x_wconf 82' lang='lat' dir='ltr'>angelum</span> <span class='ocrx_word' id='word_1_34' title='bbox 581 1529 718 1612; x_wconf 85' lang='lat' dir='ltr'>fortem,</span> 
     </span>
     <span class='ocr_line' id='line_1_9' title="bbox 147 1628 717 1716; baseline 0.012 -24"><span class='ocrx_word' id='word_1_35' title='bbox 147 1628 418 1712; x_wconf 80' lang='lat' dir='ltr'>praedicantem</span> <span class='ocrx_word' id='word_1_36' title='bbox 442 1649 533 1697; x_wconf 88' lang='lat' dir='ltr'>voce</span> <span class='ocrx_word' id='word_1_37' title='bbox 568 1652 717 1716; x_wconf 82' lang='lat' dir='ltr'>magna:</span> 
     </span>
     <span class='ocr_line' id='line_1_10' title="bbox 148 1735 1310 1822; baseline 0.001 -23"><span class='ocrx_word' id='word_1_38' title='bbox 148 1735 225 1818; x_wconf 89' lang='lat' dir='ltr'>quis</span> <span class='ocrx_word' id='word_1_39' title='bbox 249 1735 374 1818; x_wconf 83' lang='lat' dir='ltr'>dignus</span> <span class='ocrx_word' id='word_1_40' title='bbox 402 1743 465 1819; x_wconf 86' lang='lat' dir='ltr'>est,</span> <span class='ocrx_word' id='word_1_41' title='bbox 494 1737 719 1822; x_wconf 82' lang='lat' dir='ltr'>accipere</span> <span class='ocrx_word' id='word_1_42' title='bbox 774 1736 886 1806; x_wconf 75' lang='lat' dir='ltr'>Steti:</span> <span class='ocrx_word' id='word_1_43' title='bbox 910 1743 963 1803; x_wconf 85' lang='lat' dir='ltr'>est</span> <span class='ocrx_word' id='word_1_44' title='bbox 986 1739 1080 1820; x_wconf 84' lang='lat' dir='ltr'>dign.</span> <span class='ocrx_word' id='word_1_45' title='bbox 1170 1735 1310 1820; x_wconf 90' lang='lat' dir='ltr'>aperire</span> 
     </span>
     <span class='ocr_line' id='line_1_11' title="bbox 147 1838 1121 1925; baseline 0.004 -23"><span class='ocrx_word' id='word_1_46' title='bbox 147 1838 285 1922; x_wconf 86' lang='lat' dir='ltr'>librum,</span> <span class='ocrx_word' id='word_1_47' title='bbox 309 1843 345 1904; x_wconf 91' lang='lat' dir='ltr'>et</span> <span class='ocrx_word' id='word_1_48' title='bbox 368 1841 561 1924; x_wconf 89' lang='lat' dir='ltr'>aperire</span> <span class='ocrx_word' id='word_1_49' title='bbox 581 1843 720 1925; x_wconf 85' lang='lat' dir='ltr'>signa</span> <span class='ocrx_word' id='word_1_50' title='bbox 774 1842 913 1906; x_wconf 86' lang='lat' dir='ltr'>scivere</span> <span class='ocrx_word' id='word_1_51' title='bbox 936 1841 1121 1924; x_wconf 82' lang='lat' dir='ltr'>signacula</span> 
     </span>
     <span class='ocr_line' id='line_1_12' title="bbox 150 1944 252 2009; baseline 0.01 -1"><span class='ocrx_word' id='word_1_52' title='bbox 150 1944 252 2009; x_wconf 83' lang='lat' dir='ltr'>eius?</span> 
     </span>
     <span class='ocr_line' id='line_1_13' title="bbox 206 2063 935 2150; baseline 0.003 -21"><span class='ocrx_word' id='word_1_53' title='bbox 206 2063 237 2131; x_wconf 85' lang='lat'>3.</span> <span class='ocrx_word' id='word_1_54' title='bbox 260 2065 720 2150; x_wconf 88' lang='lat' dir='ltr'>necquisquampoterat</span> <span class='ocrx_word' id='word_1_55' title='bbox 774 2071 809 2130; x_wconf 93' lang='lat' dir='ltr'>et</span> <span class='ocrx_word' id='word_1_56' title='bbox 832 2085 935 2131; x_wconf 88' lang='lat' dir='ltr'>nemo</span> 
     </span>
     <span class='ocr_line' id='line_1_14' title="bbox 147 2169 930 2254; baseline 0.005 -23"><span class='ocrx_word' id='word_1_57' title='bbox 147 2187 262 2250; x_wconf 88' lang='lat' dir='ltr'>neque</span> <span class='ocrx_word' id='word_1_58' title='bbox 280 2169 316 2234; x_wconf 89' lang='lat' dir='ltr'>in</span> <span class='ocrx_word' id='word_1_59' title='bbox 335 2171 435 2235; x_wconf 89' lang='lat' dir='ltr'>caelo</span> <span class='ocrx_word' id='word_1_60' title='bbox 452 2189 565 2252; x_wconf 87' lang='lat' dir='ltr'>neque</span> <span class='ocrx_word' id='word_1_61' title='bbox 594 2189 720 2254; x_wconf 89' lang='lat' dir='ltr'>super</span> <span class='ocrx_word' id='word_1_62' title='bbox 773 2170 809 2234; x_wconf 90' lang='lat' dir='ltr'>in</span> <span class='ocrx_word' id='word_1_63' title='bbox 833 2175 930 2235; x_wconf 90' lang='lat' dir='ltr'>terra</span> 
     </span>
     <span class='ocr_line' id='line_1_15' title="bbox 147 2275 1052 2357; baseline -0.002 -19"><span class='ocrx_word' id='word_1_64' title='bbox 147 2277 282 2338; x_wconf 88' lang='lat' dir='ltr'>terram</span> <span class='ocrx_word' id='word_1_65' title='bbox 334 2293 449 2357; x_wconf 87' lang='lat' dir='ltr'>neque</span> <span class='ocrx_word' id='word_1_66' title='bbox 494 2275 577 2338; x_wconf 91' lang='lat' dir='ltr'>sub</span> <span class='ocrx_word' id='word_1_67' title='bbox 622 2280 720 2341; x_wconf 88' lang='lat' dir='ltr'>terra</span> <span class='ocrx_word' id='word_1_68' title='bbox 774 2276 896 2340; x_wconf 84' lang='lat' dir='ltr'>subtus</span> <span class='ocrx_word' id='word_1_69' title='bbox 919 2281 1052 2340; x_wconf 88' lang='lat' dir='ltr'>terram</span> 
     </span>
     <span class='ocr_line' id='line_1_16' title="bbox 147 2379 947 2463; baseline 0.003 -21"><span class='ocrx_word' id='word_1_70' title='bbox 147 2379 288 2462; x_wconf 86' lang='lat' dir='ltr'>aperire</span> <span class='ocrx_word' id='word_1_71' title='bbox 321 2380 459 2461; x_wconf 88' lang='lat' dir='ltr'>librum,</span> <span class='ocrx_word' id='word_1_72' title='bbox 496 2380 576 2444; x_wconf 89' lang='lat' dir='ltr'>sed</span> <span class='ocrx_word' id='word_1_73' title='bbox 605 2399 720 2463; x_wconf 88' lang='lat' dir='ltr'>neque</span> <span class='ocrx_word' id='word_1_74' title='bbox 774 2380 837 2444; x_wconf 90' lang='lat' dir='ltr'>sed</span> <span class='ocrx_word' id='word_1_75' title='bbox 859 2379 947 2444; x_wconf 85' lang='lat' dir='ltr'><strong>fehlt</strong></span> 
     </span>
     <span class='ocr_line' id='line_1_17' title="bbox 147 2481 1084 2566; baseline -0.001 -19"><span class='ocrx_word' id='word_1_76' title='bbox 147 2484 430 2566; x_wconf 81' lang='lat' dir='ltr'>perspicere</span> <span class='ocrx_word' id='word_1_77' title='bbox 454 2503 564 2549; x_wconf 89' lang='lat' dir='ltr'>eum.</span> <span class='ocrx_word' id='word_1_78' title='bbox 773 2483 953 2566; x_wconf 70' lang='lat' dir='ltr'>respicere</span> <span class='ocrx_word' id='word_1_79' title='bbox 977 2481 1084 2546; x_wconf 89' lang='lat' dir='ltr'>illum.</span> 
     </span>
    </p>
   </div>
   <div class='ocr_carea' id='block_1_5' title="bbox 148 2602 1109 2996">
    <p class='ocr_par' dir='ltr' id='par_1_5' title="bbox 148 2602 1109 2996">
     <span class='ocr_line' id='line_1_18' title="bbox 206 2602 720 2688; baseline 0.006 -21"><span class='ocrx_word' id='word_1_80' title='bbox 206 2602 238 2668; x_wconf 76' lang='lat'>4.</span> <span class='ocrx_word' id='word_1_81' title='bbox 261 2608 297 2667; x_wconf 85' lang='lat' dir='ltr'>et</span> <span class='ocrx_word' id='word_1_82' title='bbox 320 2621 386 2685; x_wconf 85' lang='lat' dir='ltr'>ego</span> <span class='ocrx_word' id='word_1_83' title='bbox 410 2603 538 2667; x_wconf 89' lang='lat' dir='ltr'>flebam</span> <span class='ocrx_word' id='word_1_84' title='bbox 561 2605 720 2688; x_wconf 90' lang='lat' dir='ltr'>multum,</span> 
     </span>
     <span class='ocr_line' id='line_1_19' title="bbox 150 2708 939 2790; baseline 0.001 -19"><span class='ocrx_word' id='word_1_85' title='bbox 150 2708 268 2789; x_wconf 89' lang='lat' dir='ltr'>quod</span> <span class='ocrx_word' id='word_1_86' title='bbox 286 2726 389 2772; x_wconf 91' lang='lat' dir='ltr'>nemo</span> <span class='ocrx_word' id='word_1_87' title='bbox 409 2708 535 2790; x_wconf 83' lang='lat' dir='ltr'>dignus</span> <span class='ocrx_word' id='word_1_88' title='bbox 554 2708 720 2774; x_wconf 87' lang='lat' dir='ltr'>inventus</span> <span class='ocrx_word' id='word_1_89' title='bbox 774 2708 939 2790; x_wconf 88' lang='lat' dir='ltr'>quoniam</span> 
     </span>
     <span class='ocr_line' id='line_1_20' title="bbox 152 2811 1055 2895; baseline 0.001 -20"><span class='ocrx_word' id='word_1_90' title='bbox 152 2815 283 2892; x_wconf 85' lang='lat' dir='ltr'>esset,</span> <span class='ocrx_word' id='word_1_91' title='bbox 336 2811 403 2893; x_wconf 90' lang='lat' dir='ltr'>qui</span> <span class='ocrx_word' id='word_1_92' title='bbox 446 2811 638 2894; x_wconf 89' lang='lat' dir='ltr'>aperiret</span> <span class='ocrx_word' id='word_1_93' title='bbox 683 2815 719 2878; x_wconf 90' lang='lat' dir='ltr'>li·</span> <span class='ocrx_word' id='word_1_94' title='bbox 774 2815 828 2877; x_wconf 86' lang='lat' dir='ltr'>est</span> <span class='ocrx_word' id='word_1_95' title='bbox 915 2811 1055 2895; x_wconf 86' lang='lat' dir='ltr'>aperire</span> 
     </span>
     <span class='ocr_line' id='line_1_21' title="bbox 148 2913 1109 2996; baseline 0.003 -19"><span class='ocrx_word' id='word_1_96' title='bbox 148 2913 260 2996; x_wconf 89' lang='lat' dir='ltr'>brum,</span> <span class='ocrx_word' id='word_1_97' title='bbox 294 2918 364 2978; x_wconf 87' lang='lat' dir='ltr'>aut</span> <span class='ocrx_word' id='word_1_98' title='bbox 390 2913 560 2979; x_wconf 82' lang='lat' dir='ltr'>videret</span> <span class='ocrx_word' id='word_1_99' title='bbox 592 2917 720 2984; x_wconf 90' lang='lat' dir='ltr'>illum.</span> <span class='ocrx_word' id='word_1_100' title='bbox 775 2934 842 2982; x_wconf 88' lang='lat' dir='ltr'>nec</span> <span class='ocrx_word' id='word_1_101' title='bbox 864 2916 987 2981; x_wconf 89' lang='lat' dir='ltr'>videre</span> <span class='ocrx_word' id='word_1_102' title='bbox 1010 2915 1109 2980; x_wconf 90' lang='lat' dir='ltr'>illum</span> 
     </span>
    </p>
   </div>
   <div class='ocr_carea' id='block_1_6' title="bbox 147 3036 958 3540">
    <p class='ocr_par' dir='ltr' id='par_1_6' title="bbox 147 3036 958 3540">
     <span class='ocr_line' id='line_1_22' title="bbox 212 3036 819 3104; baseline 0.002 -1"><span class='ocrx_word' id='word_1_103' title='bbox 212 3037 242 3104; x_wconf 76' lang='grc' dir='ltr'>ὁ.</span> <span class='ocrx_word' id='word_1_104' title='bbox 277 3041 312 3102; x_wconf 86' lang='lat' dir='ltr'>et</span> <span class='ocrx_word' id='word_1_105' title='bbox 334 3056 423 3102; x_wconf 85' lang='lat' dir='ltr'>unus</span> <span class='ocrx_word' id='word_1_106' title='bbox 447 3057 498 3102; x_wconf 89' lang='lat' dir='ltr'>ex</span> <span class='ocrx_word' id='word_1_107' title='bbox 524 3036 722 3103; x_wconf 88' lang='lat' dir='ltr'>senioribus</span> <span class='ocrx_word' id='word_1_108' title='bbox 775 3040 819 3104; x_wconf 92' lang='lat' dir='ltr'>de</span> 
     </span>
     <span class='ocr_line' id='line_1_23' title="bbox 152 3142 722 3224; baseline 0 -18"><span class='ocrx_word' id='word_1_109' title='bbox 152 3142 242 3207; x_wconf 89' lang='lat' dir='ltr'>dixit</span> <span class='ocrx_word' id='word_1_110' title='bbox 264 3143 366 3209; x_wconf 91' lang='lat' dir='ltr'>mihi:</span> <span class='ocrx_word' id='word_1_111' title='bbox 388 3161 434 3208; x_wconf 92' lang='lat' dir='ltr'>ne</span> <span class='ocrx_word' id='word_1_112' title='bbox 457 3142 613 3224; x_wconf 60' lang='lat' dir='ltr'>fleveris</span> <span class='ocrx_word' id='word_1_113' title='bbox 637 3161 722 3209; x_wconf 87' lang='lat' dir='ltr'>ecce</span> 
     </span>
     <span class='ocr_line' id='line_1_24' title="bbox 148 3246 722 3328; baseline -0.002 -18"><span class='ocrx_word' id='word_1_114' title='bbox 148 3246 305 3312; x_wconf 88' lang='lat' dir='ltr'>vicitleo</span> <span class='ocrx_word' id='word_1_115' title='bbox 320 3248 364 3312; x_wconf 87' lang='lat' dir='ltr'>dc</span> <span class='ocrx_word' id='word_1_116' title='bbox 379 3247 474 3312; x_wconf 88' lang='lat' dir='ltr'>tribu</span> <span class='ocrx_word' id='word_1_117' title='bbox 489 3247 510 3312; x_wconf 88' lang='lat' dir='ltr'><strong>J</strong></span> <span class='ocrx_word' id='word_1_118' title='bbox 513 3248 593 3328; x_wconf 91' lang='lat' dir='ltr'>uda,</span> <span class='ocrx_word' id='word_1_119' title='bbox 618 3246 722 3310; x_wconf 83' lang='lat' dir='ltr'>radix</span> 
     </span>
     <span class='ocr_line' id='line_1_25' title="bbox 147 3349 958 3436; baseline -0.004 -20"><span class='ocrx_word' id='word_1_120' title='bbox 147 3351 286 3434; x_wconf 87' lang='lat' dir='ltr'>David,</span> <span class='ocrx_word' id='word_1_121' title='bbox 322 3353 463 3436; x_wconf 90' lang='lat' dir='ltr'>aperire</span> <span class='ocrx_word' id='word_1_122' title='bbox 494 3353 622 3417; x_wconf 91' lang='lat' dir='ltr'>librum</span> <span class='ocrx_word' id='word_1_123' title='bbox 647 3349 720 3416; x_wconf 80' lang='lat' dir='ltr'>et*</span> <span class='ocrx_word' id='word_1_124' title='bbox 776 3350 958 3414; x_wconf 74' lang='lat' dir='ltr'>*solvere</span> 
     </span>
     <span class='ocr_line' id='line_1_26' title="bbox 147 3453 639 3540; baseline -0.002 -20"><span class='ocrx_word' id='word_1_125' title='bbox 147 3461 282 3540; x_wconf 86' lang='lat' dir='ltr'>septem</span> <span class='ocrx_word' id='word_1_126' title='bbox 305 3457 490 3538; x_wconf 83' lang='lat' dir='ltr'>signacula</span> <span class='ocrx_word' id='word_1_127' title='bbox 514 3457 598 3522; x_wconf 78' lang='lat' dir='ltr'>eius,</span> <span class='ocrx_word' id='word_1_128' title='bbox 612 3453 639 3540; x_wconf 87' lang='lat'>¹)</span> 
     </span>
    </p>
   </div>
   <div class='ocr_carea' id='block_1_7' title="bbox 133 3575 1068 4389">
    <p class='ocr_par' dir='ltr' id='par_1_7' title="bbox 212 3575 963 3644">
     <span class='ocr_line' id='line_1_27' title="bbox 212 3575 963 3644; baseline 0.001 -5"><span class='ocrx_word' id='word_1_129' title='bbox 212 3595 247 3641; x_wconf 91' lang='lat' dir='ltr'>v.</span> <span class='ocrx_word' id='word_1_130' title='bbox 271 3575 301 3644; x_wconf 84' lang='grc'>6.</span> <span class='ocrx_word' id='word_1_131' title='bbox 347 3579 392 3643; x_wconf 87' lang='lat' dir='ltr'>Et</span> <span class='ocrx_word' id='word_1_132' title='bbox 416 3577 521 3644; x_wconf 74' lang='lat' dir='ltr'>*vidi</span> <span class='ocrx_word' id='word_1_133' title='bbox 544 3578 580 3641; x_wconf 91' lang='lat' dir='ltr'>in</span> <span class='ocrx_word' id='word_1_134' title='bbox 603 3575 719 3642; x_wconf 86' lang='lat' dir='ltr'>medio</span> <span class='ocrx_word' id='word_1_135' title='bbox 777 3576 794 3615; x_wconf 75' lang='lat'>’¹‘</span> <span class='ocrx_word' id='word_1_136' title='bbox 819 3581 855 3641; x_wconf 90' lang='lat' dir='ltr'>et</span> <span class='ocrx_word' id='word_1_137' title='bbox 877 3593 963 3640; x_wconf 86' lang='lat' dir='ltr'>ecce</span> 
     </span>
    </p>

    <p class='ocr_par' dir='ltr' id='par_1_8' title="bbox 133 3678 721 3764">
     <span class='ocr_line' id='line_1_28' title="bbox 133 3678 721 3764; baseline 0.003 -22"><span class='ocrx_word' id='word_1_138' title='bbox 133 3678 266 3761; x_wconf 83' lang='lat' dir='ltr'>¹throni</span> <span class='ocrx_word' id='word_1_139' title='bbox 283 3685 318 3746; x_wconf 87' lang='lat' dir='ltr'>et</span> <span class='ocrx_word' id='word_1_140' title='bbox 334 3687 501 3764; x_wconf 89' lang='lat' dir='ltr'>quattuor</span> <span class='ocrx_word' id='word_1_141' title='bbox 515 3681 721 3746; x_wconf 90' lang='lat' dir='ltr'>animalium</span> 
     </span>
    </p>

    <p class='ocr_par' dir='ltr' id='par_1_9' title="bbox 148 3782 721 3868">
     <span class='ocr_line' id='line_1_29' title="bbox 148 3782 721 3868; baseline 0.005 -23"><span class='ocrx_word' id='word_1_142' title='bbox 148 3787 182 3858; x_wconf 79' lang='lat' dir='ltr'>et</span> <span class='ocrx_word' id='word_1_143' title='bbox 206 3782 241 3846; x_wconf 93' lang='lat' dir='ltr'>in</span> <span class='ocrx_word' id='word_1_144' title='bbox 264 3785 379 3849; x_wconf 89' lang='lat' dir='ltr'>medio</span> <span class='ocrx_word' id='word_1_145' title='bbox 395 3785 571 3850; x_wconf 89' lang='lat' dir='ltr'>seniorum</span> <span class='ocrx_word' id='word_1_146' title='bbox 589 3803 721 3868; x_wconf 83' lang='lat' dir='ltr'>agnum</span> 
     </span>
    </p>

    <p class='ocr_par' dir='ltr' id='par_1_10' title="bbox 151 3891 721 3972">
     <span class='ocr_line' id='line_1_30' title="bbox 151 3891 721 3972; baseline 0.005 -22"><span class='ocrx_word' id='word_1_147' title='bbox 151 3891 304 3952; x_wconf 88' lang='lat' dir='ltr'>stantem</span> <span class='ocrx_word' id='word_1_148' title='bbox 345 3895 526 3972; x_wconf 86' lang='lat' dir='ltr'>tamquam</span> <span class='ocrx_word' id='word_1_149' title='bbox 555 3891 721 3970; x_wconf 86' lang='lat' dir='ltr'>occisum,</span> 
     </span>
    </p>

    <p class='ocr_par' dir='ltr' id='par_1_11' title="bbox 148 3991 723 4078">
     <span class='ocr_line' id='line_1_31' title="bbox 148 3991 723 4078; baseline 0.003 -22"><span class='ocrx_word' id='word_1_150' title='bbox 148 3991 340 4057; x_wconf 88' lang='lat' dir='ltr'>habentem</span> <span class='ocrx_word' id='word_1_151' title='bbox 369 4011 503 4060; x_wconf 88' lang='lat' dir='ltr'>cornua</span> <span class='ocrx_word' id='word_1_152' title='bbox 527 4000 663 4078; x_wconf 88' lang='lat' dir='ltr'>septem</span> <span class='ocrx_word' id='word_1_153' title='bbox 688 3999 723 4058; x_wconf 88' lang='lat' dir='ltr'>et</span> 
     </span>
    </p>

    <p class='ocr_par' dir='ltr' id='par_1_12' title="bbox 148 4096 722 4181">
     <span class='ocr_line' id='line_1_32' title="bbox 148 4096 722 4181; baseline 0.01 -23"><span class='ocrx_word' id='word_1_154' title='bbox 148 4096 268 4159; x_wconf 88' lang='lat' dir='ltr'>oculos</span> <span class='ocrx_word' id='word_1_155' title='bbox 291 4100 438 4178; x_wconf 81' lang='lat' dir='ltr'>septem,</span> <span class='ocrx_word' id='word_1_156' title='bbox 462 4098 520 4179; x_wconf 92' lang='lat' dir='ltr'>qui</span> <span class='ocrx_word' id='word_1_157' title='bbox 544 4105 624 4164; x_wconf 89' lang='lat' dir='ltr'>sunt</span> <span class='ocrx_word' id='word_1_158' title='bbox 645 4118 722 4181; x_wconf 87' lang='lat' dir='ltr'>sep-</span> 
     </span>
    </p>

    <p class='ocr_par' dir='ltr' id='par_1_13' title="bbox 149 4201 813 4286">
     <span class='ocr_line' id='line_1_33' title="bbox 149 4201 813 4286; baseline 0.002 -23"><span class='ocrx_word' id='word_1_159' title='bbox 149 4205 219 4264; x_wconf 88' lang='lat' dir='ltr'>tem</span> <span class='ocrx_word' id='word_1_160' title='bbox 241 4201 384 4283; x_wconf 89' lang='lat' dir='ltr'>spiritus</span> <span class='ocrx_word' id='word_1_161' title='bbox 406 4201 483 4282; x_wconf 86' lang='lat' dir='ltr'>Dei,</span> <span class='ocrx_word' id='word_1_162' title='bbox 515 4203 611 4269; x_wconf 88' lang='lat' dir='ltr'>missi</span> <span class='ocrx_word' id='word_1_163' title='bbox 633 4221 717 4286; x_wconf 91' lang='lat' dir='ltr'>per</span> <span class='ocrx_word' id='word_1_164' title='bbox 777 4201 813 4264; x_wconf 92' lang='lat' dir='ltr'>in</span> 
     </span>
    </p>

    <p class='ocr_par' dir='ltr' id='par_1_14' title="bbox 148 4302 1068 4389">
     <span class='ocr_line' id='line_1_34' title="bbox 148 4302 1068 4389; baseline -0.004 -21"><span class='ocrx_word' id='word_1_165' title='bbox 148 4305 304 4370; x_wconf 88' lang='lat' dir='ltr'>orbem</span> <span class='ocrx_word' id='word_1_166' title='bbox 328 4310 503 4373; x_wconf 87' lang='lat' dir='ltr'>terrae.</span> <span class='ocrx_word' id='word_1_167' title='bbox 746 4302 749 4389; x_wconf 67' lang='lat' dir='ltr'>i</span> <span class='ocrx_word' id='word_1_168' title='bbox 779 4321 917 4368; x_wconf 88' lang='lat' dir='ltr'>omnem</span> <span class='ocrx_word' id='word_1_169' title='bbox 937 4305 1068 4366; x_wconf 86' lang='lat' dir='ltr'>terram</span> 
     </span>
    </p>
   </div>
   <div class='ocr_carea' id='block_1_8' title="bbox 253 4556 593 4628">
    <p class='ocr_par' dir='ltr' id='par_1_15' title="bbox 253 4556 593 4628">
     <span class='ocr_line' id='line_1_35' title="bbox 253 4556 593 4628; baseline -0.003 -18"><span class='ocrx_word' id='word_1_170' title='bbox 253 4557 273 4625; x_wconf 80' lang='lat'>¹)</span> <span class='ocrx_word' id='word_1_171' title='bbox 297 4557 341 4628; x_wconf 82' lang='lat'>76,</span> <span class='ocrx_word' id='word_1_172' title='bbox 363 4557 398 4611; x_wconf 91' lang='lat'>16</span> <span class='ocrx_word' id='word_1_173' title='bbox 416 4565 472 4612; x_wconf 87' lang='lat' dir='ltr'>test</span> <span class='ocrx_word' id='word_1_174' title='bbox 501 4556 534 4626; x_wconf 89' lang='lat'>11,</span> <span class='ocrx_word' id='word_1_175' title='bbox 554 4573 593 4612; x_wconf 92' lang='lat'>11.</span> 
     </span>
    </p>
   </div>
   <div class='ocr_carea' id='block_1_9' title="bbox 0 0 1605 5048">
    <p class='ocr_par' dir='ltr' id='par_1_16' title="bbox 0 0 1605 5048">
     <span class='ocr_line' id='line_1_36' title="bbox 0 0 1605 5048; baseline 0 0"><span class='ocrx_word' id='word_1_176' title='bbox 0 0 1605 5048; x_wconf 95' lang='lat' dir='ltr'> </span> 
     </span>
    </p>
   </div>
  </div>
 </body>
</html>
