3198 5048
509 858 595 943 Cap.
618 860 664 925 ΙΙ.

364 999 399 1049 ν.
418 979 448 1048 8.
472 980 609 1057 Videte,
638 1000 684 1046 ne
715 981 784 1065 qui
807 1000 871 1046 vos

301 1084 591 1168 depraedetur
624 1103 689 1169 per
722 1086 872 1169 philoso·
926 1086 1082 1169 decipiat

301 1189 422 1274 phiam
454 1192 490 1253 et
520 1189 663 1255 inanem
690 1190 872 1254 fallaciam

302 1293 494 1362 secundum
517 1293 744 1360 traditionem
766 1293 872 1358 horni-

301 1418 400 1480 num‚
451 1397 643 1462 secundum
695 1399 872 1464 elementa

304 1501 436 1584 mundi,
451 1506 486 1566 et
496 1521 566 1566 non
577 1502 769 1568 seeundum
776 1500 873 1567 Chri-

302 1611 404 1672 stum.

365 1709 397 1778 9.
420 1707 504 1792 quia
533 1707 570 1772 in
602 1707 678 1790 ipso
706 1708 873 1773 habitat
926 1709 1101 1774 inhabitat

301 1811 873 1900 omnisplenitudodivinitatis*1)
898 1818 901 1849 l
927 1815 1161 1898 corporaliter

366 1938 401 1986 v.
440 1919 491 1985 11.
537 1916 744 1984 Circumcisi
789 1919 873 1984 estis

304 2023 872 2105 circumcisionenonmanufacta,

301 2128 338 2192 in
361 2127 637 2210 expoliatione*
659 2128 787 2209 carnia
810 2129 872 2194 sed
928 2125 945 2162 *
970 2127 1128 2210 corporis

303 2231 339 2296 in
364 2230 632 2296 circumcisione
657 2229 786 2295 Christi
796 2230 821 2312 2)

366 2356 400 2401 v.
424 2333 476 2402 20.
522 2334 558 2400 Si
582 2335 599 2374 '¹‘
629 2336 758 2400 mortui
789 2336 873 2401 estis
928 2334 1054 2417 *ergo

302 2459 383 2505 curn
423 2439 561 2505 Christo
603 2440 649 2504 ab
691 2441 900 2528 elementior

302 2544 392 2609 eius
411 2545 541 2626 mundi,
559 2547 642 2628 quid
657 2545 673 2584 *
691 2550 872 2630 tamquam
898 2533 901 2652 l
926 2543 1028 2608 huius
1118 2543 1134 2582 *
1158 2544 1276 2609 adhuc

301 2649 515 2715 viventesin
529 2651 872 2717 hocmundovana
899 2655 901 2690 ¹
926 2647 994 2712 hoe
1016 2648 1089 2712 und
1112 2665 1208 2712 vana
1231 2648 1349 2713 fehlen

302 2752 554 2819 sectamini?
571 2752 596 2835 ³)
927 2752 1117 2818 decernitis

501 2943 587 3028 Cap.
611 2944 673 3012 ΙΠ.

367 3085 401 3130 v.
441 3065 470 3129 l.
526 3063 562 3130 Si
603 3064 874 3131 consurrexistis

306 3169 352 3234 in
397 3167 550 3249 Christo,
605 3188 696 3252 quac
738 3187 874 3233 susum
927 3187 1008 3234 eum
1103 3187 1240 3233 sursum

304 3276 394 3354 sunt,
430 3271 600 3355 quaerite,
633 3273 694 3336 ubi
716 3271 874 3338 Christus

302 3377 414 3442 estin
437 3377 568 3440 dextra
591 3375 658 3440 Dei
680 3377 817 3442 sedens.

367 3479 397 3545 2.
422 3498 513 3562 quae
537 3499 671 3546 susum
695 3487 786 3563 sunt,
821 3500 874 3547 sa·
928 3499 1063 3546 sursum

302 3584 385 3669 pite,
402 3603 472 3648 non
486 3602 578 3666 quae
593 3589 768 3650 terrena
783 3591 873 3651 sunt.
927 3603 1034 3668 super
1056 3591 1203 3669 terram3
1249 3593 1330 3652 sunt
1352 3587 1440 3652 fehlt

367 3689 397 3756 3.
433 3690 561 3753 Mortui
590 3690 683 3754 enim
707 3690 800 3771 estis,
839 3697 874 3756 et

304 3794 379 3858 vita
401 3797 523 3858 vestra
546 3793 798 3858 abscondita
821 3800 874 3859 est
927 3793 1098 3876 Stellung:
1124 3800 1177 3859 est
1200 3795 1409 3860 abscondita

304 3917 384 3963 curn
408 3897 546 3963 Christo
570 3897 607 3962 in
630 3897 716 3963 Dee.

369 4020 403 4066 v.
427 4002 457 4066 4.
491 4000 577 4066 Cum
609 4007 748 4067 autem
776 4000 872 4067 Chri·
927 4008 1044 4068 autem
1067 4002 1155 4068 fehlt

303 4109 376 4169 stus
398 4105 614 4188 apparuerit,
642 4104 718 4169 vita
741 4111 872 4187 vestra,

407 4345 427 4414 ¹)
446 4362 506 4415 397,
524 4363 559 4400 20
577 4347 614 4401 de
633 4347 709 4401 bono
728 4356 785 4417 pat.
805 4365 829 4402 2.
849 4347 913 4402 Den
925 4348 1042 4418 Ansang
1061 4367 1118 4403 von
1136 4352 1154 4405 8
1173 4349 1216 4404 bis
1235 4349 1379 4404 fallaciam
1397 4350 1495 4420 bringt

302 4431 375 4486 auch
393 4432 552 4504 635,8ep.
571 4448 605 4504 55
626 4436 666 4502 16,
694 4434 767 4488 doch
786 4435 863 4491 steht
880 4435 926 4490 tllr
945 4436 1005 4506 qui:
1033 4438 1104 4508 quia
1134 4469 1167 4476 --
1193 4439 1213 4506 ²)
1232 4454 1275 4508 45,
1296 4439 1329 4492 18
1347 4446 1410 4492 test.
1430 4437 1449 4505 1,
1467 4440 1493 4494 8.

302 4548 336 4558 -
357 4520 377 4588 ¹)
398 4537 456 4591 124,
477 4536 510 4592 13
527 4529 591 4578 test.
610 4521 657 4591 ΙΙΙ,
677 4538 716 4578 11.
