3198 5048
447 609 719 698 Cyprianus
1104 613 1315 698 Vulgata

303 836 338 900 in
393 838 508 903 stadio
552 845 708 922 currunt,
754 858 875 906 omnes

304 941 875 1028 quidemcurrunt,unustamen
928 948 1102 1014 sedunus
1125 969 1157 1018 a.

303 1046 435 1130 accipit
449 1050 700 1115 coronam?
724 1051 776 1116 sic
795 1069 874 1116 cur·
927 1053 1092 1118 bravium

303 1151 380 1235 rite,
403 1156 441 1216 ut
465 1171 621 1219 omnes
645 1156 873 1238 comprehen-
928 1175 1048 1223 omnes
1071 1157 1159 1223 fehlt

303 1256 396 1320 datis
420 1306 427 1322 .
454 1305 461 1322 .
486 1306 526 1324 ..

367 1358 419 1428 25.
461 1368 496 1427 et
536 1361 586 1426 iili
631 1363 783 1446 quidem,
835 1367 874 1430 ut

302 1465 566 1549 corruptibilem
604 1485 773 1534 coronam
813 1487 871 1534 ac-

302 1568 453 1652 cipiunt,
497 1589 561 1636 nos
605 1577 724 1638 autem
761 1573 873 1638 incor-

302 1680 453 1759 ruptam.
470 1673 498 1762 1)

510 1831 595 1918 Cap.
619 1833 665 1901 X.

366 1954 401 2002 v.
427 1936 456 2001 1.
502 1938 582 2001 noio
615 1938 709 2003 enim
734 1956 799 2003 vos
822 1938 871 2020 ig·

302 2059 441 2122 norare,
465 2042 604 2124 fratres,
628 2043 727 2125 quia
751 2046 872 2128 patres
927 2043 1093 2125 quoniam

302 2146 413 2210 nostri
436 2164 557 2211 omnes
579 2148 643 2212 sub
666 2148 761 2212 nube
783 2147 872 2211 fuer·
898 2138 900 2230 t

302 2254 365 2313 unt
410 2254 446 2315 et
490 2268 607 2315 omnes
658 2268 722 2333 per
772 2269 871 2318 mare
926 2267 991 2333 per
1013 2250 1102 2316 fehlt

302 2354 519 2420 transierunt

367 2459 397 2524 2.
443 2465 478 2525 et
522 2478 643 2526 omnes
686 2460 723 2524 in
750 2459 872 2541 Moyse

301 2563 474 2646 baptizati
496 2568 577 2629 sunt
600 2569 639 2630 et
661 2565 698 2628 in
720 2563 814 2628 nube
838 2567 873 2628 ct
925 2567 961 2628 et
983 2562 1071 2628 fehlt

301 2668 338 2731 in
360 2667 452 2731 mari
975 2674 977 2678 ’

350 2773 396 2850 ,u
435 2770 541 2837 haec
563 2776 708 2837 autem
731 2771 873 2836 omnia
924 2769 1015 2834 haec
1048 2775 1167 2835 autem
1200 2772 1374 2855 infigura
1397 2773 1494 2838 facta

301 2875 476 2958 figurae
533 2882 703 2942 nostrae
759 2877 872 2942 fuer·
968 2878 1049 2939 sunt
1070 2875 1182 2940 nostri

301 2984 383 3045 unt.
398 2979 428 3066 ²)

366 3104 401 3150 v.
425 3084 478 3151 12.
522 3090 564 3152 et
586 3087 657 3169 qui
679 3105 721 3151 se
752 3088 872 3167 putat
925 3082 1046 3167 itaque
1069 3084 1129 3167 qui
1151 3103 1189 3150 se
1213 3085 1392 3150 existimat
1414 3091 1456 3153 st.

301 3193 408 3271 stare,
431 3189 563 3270 videat,
586 3209 631 3255 ne
655 3189 815 3276 cadati)

366 3312 401 3357 v.
422 3291 473 3360 13.
506 3294 690 3376 temptatio
713 3311 778 3358 vos
801 3313 870 3358 non
926 3293 1077 3358 tentatio
1099 3312 1134 3358 v.
1158 3313 1192 3358 n.

302 3398 531 3481 occupabit
584 3398 651 3463 nisi
704 3399 869 3462 humana.
924 3397 1171 3479 apprehendat

302 3503 415 3568 fidelis
429 3506 547 3568 autem
568 3502 672 3584 Deua,
691 3502 708 3542 i*
724 3503 783 3586 qui
800 3523 871 3569 non
926 3499 943 3538 ’¹‘
968 3506 1022 3567 est

301 3609 456 3692 patietur
474 3626 538 3672 vos
550 3608 751 3691 temptari
765 3627 871 3692 super
923 3605 1055 3670 tentari

303 3712 434 3795 *quod
469 3711 625 3794 potestis,
663 3713 725 3776 scd
763 3713 871 3778 faciet
926 3711 1003 3777 *id

301 3817 317 3854 '¹'
345 3834 425 3882 oum
462 3817 694 3901 temptatione
729 3818 869 3882 etiam
925 3817 1074 3882 *etiam
1098 3835 1177 3882 cum
1198 3817 1394 3882 tentatione
1416 3834 1494 3900 pro-

302 3920 479 3987 evadendi
520 3921 786 4003 facultatem,
832 3925 870 3986 ut
966 3925 1123 4002 ventum,
1155 3924 1193 3984 ut
1224 3919 1364 4003 possitis
1395 3920 1495 3984 susti-

301 4025 441 4109 possitis
463 4025 617 4091 tobrare.
637 4024 662 4103 4)
966 4043 1052 4092 nere

405 4183 425 4244 ¹)
446 4198 504 4252 141,
527 4188 627 4251 4test.
646 4180 692 4251 111,
717 4183 759 4236 26.
797 4181 895 4253 Desgl.
918 4199 978 4252 329,
1005 4199 1040 4235 22
1066 4181 1104 4236 ad
1129 4179 1275 4236 Fortumat.
1293 4181 1320 4250 8,
1347 4195 1395 4236 wo
1422 4181 1494 4236 aber

300 4267 345 4323 sstr
362 4284 514 4323 coronam:
532 4268 661 4338 palmam
680 4285 706 4322 u.
725 4267 771 4322 fur
789 4269 1060 4340 comprehendatis:
1079 4267 1228 4338 occupetis
1246 4267 1330 4337 steht,
1359 4268 1417 4323 und
1436 4285 1491 4322 vor

301 4357 413 4412 diesem
431 4373 535 4412 omnes
552 4355 622 4410 sehlt
640 4356 669 4410 in
688 4343 980 4427 Ubereinstimmung
1000 4357 1051 4411 mit
1069 4373 1129 4426 493,
1145 4371 1162 4426 5
1180 4373 1226 4427 ep.
1248 4372 1289 4422 10,
1307 4373 1331 4426 4.
1348 4385 1381 4396 —
1392 4357 1412 4421 ’t
1433 4357 1493 4428 764,

300 4461 318 4515 9
336 4461 382 4515 ep.
398 4445 442 4515 69,
462 4459 502 4514 15.
537 4459 608 4498 vers
628 4459 640 4497 1
669 4443 745 4498 steht
772 4443 846 4498 auch
865 4460 908 4513 42,
929 4445 961 4499 18
979 4445 1085 4499 testim.
1104 4442 1124 4513 1,
1141 4460 1166 4512 4.
1194 4471 1228 4483 -
1256 4445 1277 4512 ⁸)
1299 4457 1357 4513 139,
1377 4457 1410 4496 ιο
1427 4450 1492 4498 test

301 4531 346 4603 111,
364 4549 406 4586 21.
426 4561 459 4570 —
477 4532 498 4599 ⁴)
519 4546 578 4601 175,
595 4547 627 4584 21
648 4529 754 4585 testim.
773 4529 817 4602 111,
834 4547 878 4600 91.
