3236 5056
108 819 266 828 -—..—.-..

107 908 254 974 dedistis
307 911 392 974 mihi
445 913 680 993 manducare,

106 1012 232 1076 sititivi
258 1018 293 1078 et
315 1034 384 1078 non
409 1017 589 1098 potastis
613 1036 679 1098 me,

173 1118 225 1183 43.
250 1118 377 1202 hospes
396 1121 455 1185 fui
471 1128 506 1187 et
525 1142 595 1187 non
611 1123 679 1187 ob-

107 1220 289 1286 duxistis
311 1243 387 1305 me,
411 1227 524 1290 nudus
548 1231 584 1291 et
606 1247 676 1293 non

107 1325 306 1389 vestistis
347 1345 417 1407 me,
450 1329 608 1394 infirmus
644 1338 680 1397 et

106 1428 144 1490 in
169 1446 314 1494 earcere
338 1437 373 1494 et
395 1451 464 1496 non
495 1435 679 1500 venistis

107 1534 160 1597 ad
183 1553 253 1599 me.

172 1637 225 1704 44.
244 1643 329 1704 tune
343 1643 630 1724 respondebunt*
643 1649 679 1710 et

106 1742 174 1824 ipsi
187 1743 357 1819 dieentes:
370 1745 530 1826 Domine,
537 1749 677 1829 quando

106 1852 143 1909 te
175 1846 327 1912 vidimus
367 1850 580 1915 esurientem
616 1857 677 1916 aut

105 1950 284 2016 sitientem
316 1960 377 2019 aut
410 1955 584 2037 hospitem
616 1961 678 2020 aut

104 2053 238 2119 nudum
261 2062 323 2121 aut
345 2059 520 2122 infirmum
543 2065 605 2124 aut
641 2061 677 2125 in
702 2099 704 2111 ·

104 2174 273 2224 earcerre
304 2166 340 2226 et
370 2181 441 2226 non
464 2164 676 2229 ministravi-

103 2279 183 2324 mus
207 2262 297 2328 tibi?

170 2365 222 2432 45.
239 2367 307 2432 *nt
317 2371 543 2452 respondebit
552 2374 674 2441 iilis**:

103 2487 210 2534 amen
249 2471 327 2536 dioo
361 2473 473 2556 vobis,
508 2481 675 2559 quamdiu

102 2594 176 2638 non
199 2576 332 2642 fecistis
357 2579 416 2643 uni
439 2598 489 2644 ex
507 2584 675 2650 minimis

102 2680 170 2762 his,
192 2700 327 2765 neque
349 2685 434 2748 mihi
456 2687 588 2753 fecistis

169 2785 223 2854 46.
242 2789 675 2875 etibuntistiinignem

103 2893 336 2972 aeternum,
374 2894 456 2959 iusti
487 2902 605 2962 autem
639 2899 674 2963 in

102 2993 217 3057 vitam
241 2999 435 3064 aeternam.
446 2999 468 3080 ¹)

270 3151 355 3235 Cap.
379 3155 509 3222 XXVI.

169 3291 204 3339 n.
226 3271 278 3340 28.
311 3274 425 3342 Bibite
448 3296 493 3343 ex
515 3279 583 3345 hoo
606 3300 675 3347 om-

102 3396 182 3459 nes,
215 3377 274 3442 hio
311 3385 364 3445 est
388 3383 481 3446 enim
504 3388 674 3470 sanguis*

103 3487 368 3566 testamenti,
393 3488 451 3570 qui
474 3507 538 3571 pro
555 3492 673 3556 multis

102 3589 302 3654 effundetur
346 3592 381 3655 in
432 3595 672 3660 remissionem

101 3699 343 3776 peceatomm.

168 3797 221 3866 29.
234 3799 333 3864 dieo*
348 3801 461 3868 vobis:
473 3822 542 3866 non
552 3803 672 3868 bibam

102 3901 230 3966 amodo
267 3921 317 3967 ex
354 3904 436 3968 ista
473 3911 672 3971 ereatura

258 679 527 766 Cyprianus
708 615 713 824 ι
918 682 1123 767 Vulgata

734 1016 879 1082 dedistis
901 1016 987 1080 mihi
1009 1021 1130 1100 potum

734 1138 832 1184 eram

733 1223 926 1307 collegistis

733 1329 965 1412 cooperuistis

732 1432 903 1496 visitastis
926 1451 983 1496 me

733 1640 808 1704 *ei

731 2369 748 2404 ’¹‘
772 2374 857 2434 tunc
946 2367 984 2404 *¹⁸¹
1009 2366 1131 2431 dicens

729 2578 772 2642 de
796 2577 988 2642 minoribus

728 2701 795 2748 nee

727 2787 763 2850 hi
786 2786 822 2848 in
845 2783 1055 2867 supplicium
1079 2786 1262 2846 aeternum

730 3391 870 3455 imeus
899 3471 902 3474 ,

728 3495 813 3558 novi
835 3495 1039 3560 testamenti

727 3805 744 3841 ’¹'
767 3811 885 3869 autem

727 3909 772 3974 de
794 3908 863 3972 hoo
885 3908 1062 3990 genimine

207 4147 226 4214 ¹)
247 4146 351 4202 testim.
371 4165 414 4218 99,
432 4164 474 4218 21,
499 4147 584 4218 1130,
607 4165 632 4202 ιι.
652 4148 757 4204 testim.
779 4167 837 4219 111,
855 4167 897 4219 20,
923 4149 969 4218 111,
989 4166 1012 4218 1,
1040 4166 1086 4204 wo
1103 4148 1149 4203 mr
1167 4148 1247 4202 ibunt
1266 4147 1293 4203 in

101 4233 203 4303 ignem
230 4241 382 4288 aeternum
409 4235 486 4289 steht
503 4234 532 4290 in
560 4235 774 4291 ambustionem
801 4245 953 4291 aeternam
973 4237 1054 4305 (vers
1071 4236 1125 4305 46),
1152 4235 1294 4290 wahrend

101 4322 141 4375 de
159 4337 206 4392 op.
227 4329 256 4375 et
274 4321 358 4376 elem.
377 4337 421 4390 23,
438 4325 456 4376 6
473 4330 542 4378 statt
562 4321 642 4377 ibunt
661 4324 740 4391 (vers
758 4325 802 4393 46)
827 4323 954 4378 abibunt.
983 4339 1053 4377 vers
1071 4339 1106 4393 34
1124 4322 1215 4377 findet
1233 4323 1294 4376 sich

102 4408 141 4463 de
159 4407 236 4462 dom.
255 4417 327 4464 orat.
346 4424 407 4480 275,
433 4411 476 4478 28,
505 4427 537 4480 13
563 4410 699 4481 dagegen
727 4428 781 4466 nur
807 4411 941 4465 infirmus
969 4409 1010 4464 sui
1032 4419 1061 4465 et
1080 4410 1218 4466 visitastis
1237 4428 1294 4479 me,

101 4495 236 4567 captivus
254 4495 292 4550 sui
312 4507 341 4551 et
360 4497 509 4552 redemisti
528 4515 585 4567 me,
613 4499 641 4552 in
661 4515 783 4554 carcere
800 4498 839 4553 sui
864 4508 894 4552 et
924 4498 1062 4553 visitastis
1081 4515 1129 4552 me
1148 4497 1232 4569 epist.
1249 4499 1292 4568 62,

101 4601 128 4653 41
147 4600 175 4654 Ρ·
194 4599 256 4653 7⁰⁰›
274 4601 299 4654 4·

1175 4697 1191 4747 3
