3198 5048
634 365 842 468 „¹32-

138 577 1332 688 --†---

284 663 551 752 cyprianus
734 689 738 804 ι
945 665 1148 748 Vulgata

138 911 220 957 eum
244 911 293 958 ea
316 893 482 957 fornicati
505 898 595 974 sunt,
620 898 656 960 et
674 893 710 958 iu
764 894 826 958 illa

137 997 274 1062 deliciis
296 998 548 1063 conversati
570 996 710 1083 sunt.¹)
763 998 931 1063 vixerunt

318 1151 402 1238 cap.
427 1155 525 1220 mx.

203 1294 237 1342 u.
262 1273 291 1342 6.
337 1272 517 1357 Regnavit
540 1275 711 1341 Dominus

136 1377 233 1442 Deus
249 1378 265 1414 ²³
281 1378 511 1461 omnipotens.
765 1379 782 1418 a
806 1383 926 1444 noster

203 1479 234 1546 7.
275 1483 494 1564 gaudeamus
517 1489 553 1548 et
579 1487 710 1551 exulte·

135 1603 214 1650 mus
249 1591 285 1650 et
323 1586 445 1652 demus
479 1588 522 1652 ei
562 1591 710 1654 elari—
764 1587 913 1670 gloriam
936 1586 969 1650 ei

137 1693 303 1770 tatem,
321 1691 518 1774 quoniam
535 1699 710 1758 venerunt
765 1690 848 1773 quia

141 1793 288 1877 nuptiae
311 1794 405 1878 agni,
443 1799 479 1860 et
514 1814 604 1861 uxor
635 1797 709 1862 eius

137 1917 181 1963 se
204 1899 536 1982 praeparavit.2)
763 1897 938 1981 Stellung:
962 1914 1084 1981 praep.
1109 1915 1146 1960 se

206 2021 240 2066 v.
266 2003 316 2070 11.
361 2003 406 2068 Et
450 2005 524 2069 vidi
569 2007 708 2070 eaelum

136 2110 310 2190 apertum,
325 2113 361 2172 et
383 2127 468 2175 ecee
483 2129 592 2193 equus
606 2111 708 2176 albus

139 2217 185 2293 et,
222 2211 281 2294 qui
319 2214 467 2278 sedebat
489 2232 595 2296 super
617 2234 707 2296 eum,

136 2317 335 2381 vocabatur
367 2317 479 2381 fidelis
512 2321 547 2382 et
569 2336 706 2400 verus,
762 2334 874 2381 verax

137 2439 316 2503 aequum
350 2421 586 2504 iustumque
622 2421 707 2487 iudi·
761 2426 796 2486 et
834 2439 914 2485 eum
954 2418 1086 2483 iustitia
1126 2417 1260 2481 iudicat
1296 2420 1331 2480 et

138 2529 198 2590 eat
221 2529 255 2590 et
279 2524 483 2608 proeliatur.
804 2528 940 2608 pugnat

199 2627 250 2696 12.
266 2629 358 2693 oculi
371 2631 489 2692 autem
500 2628 574 2692 eius
586 2634 708 2694 erant
761 2635 864 2696 erant
886 2628 975 2694 fehlt

139 2738 354 2817 tamquam
409 2733 552 2796 flamma
607 2731 707 2816 ignis,
761 2736 851 2800 sieut

141 2843 176 2903 et
199 2856 327 2922 super
349 2841 476 2918 caput
499 2835 573 2900 eius
591 2834 708 2902 diade·
760 2839 796 2902 in
820 2839 938 2920 eapite

137 2947 236 3006 mata
277 2942 399 3022 multa,
438 2929 478 3005 et
509 2941 708 3023 portabat
760 2942 896 3006 habens
1002 2943 1037 3006 et
1060 2939 1148 3004 fehlt

138 3063 265 3109 nomen
315 3035 510 3128 seriptum'
532 3045 708 3110 nemini
761 3046 853 3129 quod
876 3063 978 3111 nemo
1001 3043 1100 3108 novit
1123 3043 1189 3107 nisi
1212 3044 1287 3126 ipse
1370 3054 1373 3060 '

140 3149 216 3213 alii
239 3150 320 3215 nisi
343 3149 423 3214 sibi
446 3153 578 3231 notum,

205 3252 254 3317 13.
283 3257 319 3318 et
342 3259 420 3319 erat
440 3261 626 3336 ooopertus
649 3275 707 3321 ve·
761 3258 796 3318 et
818 3255 969 3320 vestitus
993 3259 1071 3320 erat
1093 3257 1194 3318 veste

137 3361 225 3420 stem
266 3376 479 3440 sparsam
522 3362 707 3443 sangui·
761 3378 907 3443 aspersa
929 3359 1100 3441 sanguine
1123 3361 1159 3422 et
1180 3359 1331 3420 vocatur

140 3480 255 3543 neam,
292 3468 328 3527 et
359 3462 541 3526 dieitur
580 3483 707 3529 nemen
804 3484 896 3529 nom.

138 3566 230 3630 eius:
257 3567 403 3632 uerbum
426 3565 499 3636 Dei.

203 3671 252 3736 14.
274 3674 309 3736 et
333 3670 521 3752 exercitae,
546 3671 604 3754 qui
628 3676 708 3736 sunt

137 3774 171 3838 in
196 3775 307 3856 caele,
323 3777 561 3858 sequebantur
580 3793 658 3840 eum
672 3775 707 3839 iu

136 3878 234 3960 equis
248 3879 348 3960 albis,
371 3879 510 3944 induti
525 3879 706 3960 byssinum
760 3880 880 3948 vestiti
893 3879 1037 3961 byssino
1053 3880 1133 3943 albo
1151 3883 1186 3943 et
1200 3879 1328 3944 mundo

136 3981 258 4046 album
281 3985 458 4049 mundum.

202 4087 253 4153 15.
286 4093 321 4152 et
344 4089 388 4153 de
412 4107 472 4154 ore
496 4089 569 4154 eius
593 4089 706 4154 exie·
759 4089 920 4174 procedit
941 4088 1080 4171 gladius
1112 4107 1156 4152 ex
1179 4093 1329 4170 utraque

135 4193 207 4256 bat
229 4193 368 4274 gladius
387 4179 582 4274 acutus'ut
597 4212 641 4258 ex
665 4214 705 4260 eo
802 4199 905 4276 parte
936 4196 1093 4272 aremus
1125 4193 1222 4256 utin
1253 4193 1329 4276 ipso

135 4302 339 4380 percuteret
353 4296 522 4376 aetianae,
533 4315 621 4378 quas
631 4299 706 4382 ipse
802 4297 978 4381 percutiat
992 4301 1125 4379 gentes
1144 4302 1178 4361 et
1191 4296 1267 4380 ipse
1276 4315 1328 4362 re-

135 4407 300 4484 pasturus
323 4399 433 4465 estin
457 4400 560 4482 virga
578 4403 704 4485 ferrea,
802 4407 862 4484 get
885 4420 946 4466 eas
968 4401 1004 4465 in
1026 4401 1130 4484 virga
1153 4402 1270 4466 ferrea

242 4575 263 4642 ²)
285 4590 342 4643 147,
360 4591 378 4627 2
396 4583 459 4644 test,
478 4574 524 4644 lll,
543 4589 585 4644 34.
604 4605 637 4614 -
656 4578 677 4644 ¹)
694 4579 738 4647 87,
759 4593 789 4630 11
809 4584 874 4630 test.
893 4575 925 4646 11,
946 4593 989 4645 19.
