3198 5048
271 573 544 701 Cyprianus

442 763 494 770 ...—

331 838 416 924 Oap.
441 839 504 905 III.
537 834 538 838 ’
792 893 794 896 .

191 959 226 1008 ν.
251 943 304 1010 19.
339 943 495 1027 Quorum
526 944 606 1010 finis
633 953 700 1010 est
753 952 807 1014 est
830 949 918 1014 fehlt

118 1045 299 1130 interimo,
326 1067 473 1132 quorum
496 1050 592 1116 Deus
615 1068 700 1115 ven-

118 1154 182 1215 ter
215 1157 278 1234 est,
312 1158 348 1219 et
378 1154 552 1236 gloriam
580 1154 699 1218 confu—
1050 1237 1052 1242 .

120 1255 261 1320 sionem
285 1275 439 1340 eorum,
473 1258 532 1342 qui
555 1262 699 1324 terrena
754 1260 958 1326 confusione
981 1261 1136 1345 ipsorum

121 1359 277 1442 sapiunt.

191 1463 244 1532 20.
267 1464 397 1530 Nostra
414 1471 532 1532 autem
552 1485 699 1533 conver·
752 1529 755 1535 .

126 1570 221 1634 satio
244 1570 280 1636 in
303 1569 412 1634 caelis
436 1574 498 1652 est,
532 1571 626 1638 unde
658 1576 700 1638 et

124 1675 345 1739 salvatorem
373 1679 604 1758 expectamus
633 1677 699 1742 Do-

122 1779 260 1843 minum
283 1777 299 1815 *
322 1777 443 1844 Jesum
467 1778 655 1850 Christum.
754 1777 771 1816 e
795 1783 953 1844 nostrum

184 1881 696 1964 QLQuitransformabitcor·
751 1884 958 1948 reformabit

124 2005 191 2069 pus
214 1987 422 2056 humilitatis
440 1993 583 2053 nostrae
604 2006 699 2053 con·
753 1989 1010 2072 configuratum

125 2091 352 2156 formatum
387 2092 527 2176 corpori
558 2093 699 2158 clarita-

124 2195 172 2260 tis
196 2213 291 2261 suae.
307 2193 335 2282 ¹)

325 2351 409 2436 Oap.
432 2353 491 2421 IV.

191 2455 241 2522 18.
262 2461 479 2522 saturatus
497 2475 597 2540 sum,
611 2459 697 2524 reci·
751 2454 907 2538 repletus
930 2447 1016 2532 sum,

121 2561 241 2644 piens
272 2561 318 2625 ab
353 2559 595 2644 Epaphrodito
632 2581 695 2644 ea,
750 2558 907 2640 acceptis
996 2577 1039 2623 ea
1061 2559 1150 2624 fehlt

122 2684 216 2749 quae
240 2685 262 2730 a
284 2665 404 2730 nobis
436 2666 564 2730 missa
587 2672 694 2748 sunt,
749 2662 894 2727 anobis
916 2663 1006 2728 fehlt
1092 2665 1234 2730 misistis

122 2770 264 2834 odores
305 2770 510 2851 suavitatis,
560 2771 694 2836 sacri·
749 2769 892 2832 odorem
980 2768 1131 2832 hostiam

122 2873 269 2938 ficium
292 2877 492 2956 acceptum
516 2879 551 2939 et
584 2875 692 2957 placi·
750 2877 938 2956 acceptam

122 2982 206 3041 tum
230 2975 357 3064 De0.²)
748 2977 951 3061 placentem
975 2976 1059 3042 Deo.

417 3203 602 3309 Epistola
634 3204 686 3292 ad
719 3202 1032 3294 Golossenses.

344 3447 428 3532 Cap.
453 3449 481 3514 Ι.

187 3590 222 3636 v.
250 3572 297 3639 lo.
321 3572 389 3654 Qui
412 3578 465 3638 est
487 3573 604 3653 imago
628 3571 696 3636 Dei

125 3676 311 3741 invisibilis
356 3681 396 3742 et
440 3675 695 3760 primogenitus
749 3679 784 3740 et
806 3675 895 3739 fehlt

123 3780 255 3846 totius
279 3786 476 3846 creaturae.
750 3779 861 3842 omnis

187 3919 221 3966 v.
239 3900 284 3966 18.
301 3900 554 3984 primogenitus
569 3919 591 3965 a
605 3918 694 3965 mor·
750 3919 795 3965 ex

121 4005 201 4086 tulo,
211 4010 249 4069 ut
261 4006 388 4071 fieret
402 4005 438 4070 in
451 4006 611 4070 omnihus
621 4006 696 4089 ipsc
750 4005 794 4068 sit

123 4107 315 4191 primatum
338 4114 473 4178 tenens,
488 4109 517 4198 3)

229 4351 362 4422 1)124,2
392 4353 497 4408 testim.
515 4353 561 4423 Ill,
589 4370 629 4408 11.
666 4352 723 4408 Die
741 4353 836 4407 Verse
862 4369 898 4406 2ο
922 4369 947 4407 u.
967 4368 999 4406 21
1028 4350 1128 4405 finden
1155 4349 1218 4404 sieh
1245 4351 1319 4406 auch

122 4447 183 4506 311,
200 4455 218 4492 2
243 4439 280 4492 de
299 4441 412 4496 mortal.
431 4458 474 4509 22,
501 4458 548 4494 wo
567 4440 638 4494 aber
657 4439 815 4494 Dominum
838 4439 915 4494 fehlt.
943 4469 978 4479 -
1004 4441 1025 4508 ¹)
1044 4455 1104 4510 291,
1123 4439 1158 4494 28
1186 4438 1223 4493 de
1242 4439 1318 4494 dom.

122 4535 195 4582 orat.
212 4543 254 4598 33.
278 4557 307 4567 —
328 4531 349 4597 ³)
369 4527 459 4582 Beide
478 4527 590 4584 Stellen
607 4526 651 4597 63,
671 4543 704 4598 15
721 4527 826 4581 testim.
846 4526 879 4596 11,
899 4543 922 4580 1.
1246 4518 1248 4525 ’
