3198 5048
845 383 905 450 134

771 476 978 485 ———-

422 681 693 770 Cyprinnus
778 707 780 712 ·
874 613 1289 827 Lvulgnta

282 914 318 975 et
354 909 429 992 ipse
474 909 669 974 calcabit
712 911 850 975 torcnla
907 909 1028 974 calcat

281 1013 385 1076 vini*
399 1013 474 1078 irae
497 1013 564 1078 Dei
590 1014 849 1097 omnipotentis.
905 1015 921 1052 *
944 1012 1072 1077 furoris

348 1115 398 1182 17.
439 1115 581 1182 *habet
625 1117 769 1183 etiam
815 1118 850 1181 in
907 1118 985 1184 *et
1073 1117 1180 1182 etiam
1204 1117 1293 1182 fehlt

280 1224 415 1284 veste
456 1225 491 1285 et
535 1222 570 1286 in
615 1224 749 1287 femore
789 1239 851 1285 suo
906 1222 1116 1286 vestimento

281 1342 446 1390 nomen
480 1327 667 1409 scriptum:
701 1344 766 1391 rex
799 1344 851 1390 re·
906 1345 1032 1390 nomen
1055 1325 1143 1389 fehlt

281 1448 363 1512 gum
408 1433 444 1493 et
497 1429 657 1494 dominus
710 1429 879 1493 domi-1
907 1427 1163 1494 dominantium

280 1551 450 1597 norum.
466 1530 488 1613 ¹)

469 1650 555 1735 Gap.
579 1653 658 1716 XX.

343 1774 377 1820 v.
400 1754 432 1820 4.
462 1755 506 1820 Et
528 1755 603 1819 vidi
626 1756 763 1819 animas
786 1772 852 1817 oc·
877 1673 880 1846 Ι
906 1758 1160 1823 decollatorum

280 1862 458 1927 cisorum
508 1865 653 1943 propter
706 1878 851 1924 nomen
878 1849 879 1861 ¹
907 1862 1144 1927 testimonium

279 1964 364 2030 Jesu
387 1968 423 2028 et
445 1981 677 2028 sermonem
705 1963 783 2045 Dei,
817 1967 853 2026 et
906 1967 1055 2032 verbum

280 2067 519 2150 quicunque
543 2067 768 2150 imaginem
784 2069 851 2132 be·
907 2071 1025 2154 etqui
1056 2089 1126 2134 non
1156 2068 1396 2133 adoraverunt
1419 2066 1476 2130 be-

279 2171 387 2236 stiae
431 2189 512 2234 non
557 2171 852 2235 adoraverunt
948 2171 1477 2258 stiamnequeimaginemeius

279 2291 346 2339 nec
365 2279 582 2356 acceperunt
605 2274 851 2359 inscriptio·
907 2282 1154 2347 characterem
1178 2278 1251 2343 eius

280 2397 371 2443 nem
395 2377 431 2440 in
454 2378 578 2442 fronte
598 2379 712 2442 autin
732 2399 850 2444 manu
889 2385 940 2448 in
962 2383 1134 2449 frontibus
1157 2387 1219 2446 aut
1249 2381 1285 2444 in
1312 2378 1475 2444 manibus
1588 2459 1589 2482 Χ

280 2501 353 2548 sua.
365 2481 394 2568 ²)
948 2489 1019 2554 suis

465 2601 550 2685 Cap.
575 2602 671 2666 XXI.

343 2727 377 2776 v.
397 2707 427 2774 6.
451 2708 525 2790 Ego
548 2714 573 2772 Α
596 2715 631 2772 et
649 2712 688 2787 Ω,
712 2706 848 2772 initium

280 2817 316 2878 et
339 2811 427 2876 finis.
464 2829 529 2893 ego
545 2810 677 2875 sitienti
692 2811 784 2874 dabo
804 2811 847 2877 de

281 2918 377 2981 fonte
400 2934 514 2997 aquae
537 2915 644 2996 vitae,
668 2915 790 2998 gratie.

343 3019 374 3086 7.
409 3021 467 3104 qui
497 3021 635 3102 vicerit,
658 3020 850 3104 possidebit
1387 3087 1392 3096 ,

279 3142 328 3189 ea
361 3128 396 3187 et
429 3141 569 3188 eorum
604 3123 850 3190 haeredita·
907 3128 1012 3210 haec;
1063 3132 1098 3192 et
1121 3144 1244 3192 eorum
1266 3126 1364 3192 haer.
1390 3127 1478 3190 fehlt
1555 3174 1557 3178 -

279 3237 374 3294 tem:
408 3233 444 3294 et
475 3246 535 3293 ero
569 3229 658 3292 eius
690 3229 786 3294 Deus
816 3237 851 3296 et
907 3233 958 3297 illi

279 3331 339 3397 ille
363 3331 429 3396 erit
451 3331 536 3395 mihi
560 3331 660 3395 tilius,
674 3330 703 3418 ³)

323 3435 852 3516 v.9.Veni,*ostendamtibino-
910 3441 987 3505 *et

280 3559 375 3605 vam
400 3548 573 3624 nuptam
596 3559 741 3606 uxorem
758 3542 850 3624 agni.
907 3563 1054 3629 sponam

347 3643 399 3710 10.
424 3648 459 3708 et
482 3645 601 3709 duxit
624 3646 730 3710 mein
754 3647 852 3729 spiri·
907 3649 1045 3714 sustulit

280 3751 318 3811 tu
341 3747 376 3810 in
401 3755 554 3813 montem
578 3768 746 3833 magnum
771 3751 800 3832 *,
818 3758 853 3816 et
909 3753 925 3789 ’¹‘
951 3760 986 3818 et
1009 3749 1121 3817 altum

280 3850 432 3914 ostendit
455 3853 539 3916 mihi
554 3853 736 3918 civitatem
753 3875 852 3921 sanc-

279 3960 351 4018 tam
375 3955 608 4038 Hierusalem,
639 3957 851 4025 descenden-

280 4064 351 4124 tem
376 4061 420 4126 de
443 4061 544 4126 caelo
568 4080 590 4126 a
613 4062 699 4144 Dec,

351 4163 397 4228 li.
427 4164 617 4230 habentem
650 4166 880 4321 claritateml

279 4266 392 4347 Deif)

285 4376 519 4475 -Ιῖῃῖιο
537 4414 600 4460 test.
620 4405 653 4475 ll,
670 4424 712 4476 3⁰·
737 4425 763 4461 v.
784 4424 814 4461 11
834 4407 931 4480 bringt
949 4411 1022 4464 auch
1042 4413 1085 4480 65,
1105 4428 1120 4480 7
1142 4418 1206 4465 test.
1228 4409 1261 4477 ΙΙ,
1279 4424 1304 4476 3.
1324 4437 1355 4446 ·-
1377 4408 1398 4478 ²)
1416 4426 1478 4480 345,

283 4494 315 4547 18
333 4494 369 4546 ad
389 4493 535 4548 Fortunat.
557 4509 596 4547 12.
626 4524 656 4532 -
687 4497 707 4562 ⁸)
728 4511 770 4564 70,
790 4497 822 4550 18
841 4505 905 4554 test.
931 4497 1001 4566 ll,6
1028 4515 1053 4553 u.
1082 4499 1139 4568 178,
1157 4515 1189 4551 21
1221 4495 1326 4551 testim.
1346 4495 1392 4566 ΙΙΙ,
1417 4515 1475 4553 100.

282 4597 309 4634 v.
328 4582 346 4635 6
363 4581 440 4635 steht
458 4579 544 4635 allein
562 4582 607 4651 63,
628 4581 660 4635 18
679 4589 742 4636 test.
763 4580 794 4650 ΙΙ,
815 4599 837 4638 1.
857 4613 891 4623 -
909 4586 929 4654 ⁴)
948 4587 991 4657 85,
1009 4603 1044 4640 20
1062 4594 1126 4639 test.
1145 4585 1179 4654 ΙΙ,
1200 4603 1240 4656 19.
