3236 5056
440 670 711 755 CyprIanus
1102 669 1311 752 Vulgata

295 809 450 816 Ἥ

360 898 411 964 34.
436 897 536 963 'luno
565 899 660 963 dicet
694 917 758 963 rex
783 899 865 980 eis,
920 897 974 960 his

297 1001 357 1082 qui
388 1019 410 1065 a
444 1002 618 1067 dextere
646 1020 728 1066 suu
766 1007 865 1069 sunt:
919 1020 941 1065 a
965 1002 1100 1067 dextris
1123 1002 1197 1067 eius
1221 1005 1324 1066 erunt

297 1106 425 1188 venite,
449 1108 627 1173 benedieti
649 1107 760 1190 putris
782 1107 865 1190 mei,

295 1209 520 1292 percipite,
544 1211 636 1294 quod
647 1211 749 1275 vobis
764 1228 865 1293 para·
919 1210 1095 1293 possidete
1113 1217 1277 1293 peratum
1294 1209 1394 1274 vobis
1412 1227 1489 1290 reg-

295 1317 370 1376 tum
393 1317 446 1377 est
479 1331 627 1397 regnum
651 1315 696 1378 ab
731 1317 865 1398 origine
962 1334 1045 1379 num
1064 1334 1087 1379 a
1105 1315 1353 1380 constitutione
1367 1313 1489 1378 mundi

295 1419 432 1484 mundi:

345 1521 396 1588 35.
406 1523 556 1587 essurivi
567 1523 660 1588 enim
671 1528 707 1588 et
720 1525 865 1590 dedistis

295 1625 380 1689 mihi
414 1629 645 1710 manducare,
683 1629 797 1694 sistivi
830 1635 865 1695 et

294 1731 477 1811 potastis
500 1749 566 1813 me,
590 1731 718 1814 hospes
740 1733 801 1797 fui
829 1739 865 1798 et
918 1731 1062 1796 dedistis
1084 1731 1169 1796 mihi
1192 1731 1314 1796 bibere
1388 1748 1487 1794 eram

296 1835 541 1900 abduxistis
564 1855 630 1919 me,
917 1836 1109 1918 collegistis
1245 1845 1246 1848 ’

359 1941 410 2009 36.
429 1943 543 2006 nudus
558 1946 593 2006 et
613 1941 783 2006 texistis
796 1959 863 2024 me,
917 1941 1146 2024 cooperuistis

293 2044 539 2110 infirmatus
577 2063 677 2124 sum,
719 2051 755 2111 et
783 2047 863 2110 visi·
916 2043 1083 2127 infirmus,
1143 2065 1220 2110 sum
1242 2047 1331 2112 fehlt

293 2148 394 2213 tastis
427 2167 494 2228 me,
529 2147 566 2212 in
599 2166 746 2216 earcere
778 2152 862 2233 fui,
917 2167 1016 2214 eram

293 2257 328 2316 et
351 2251 498 2315 venistis
522 2252 568 2316 ad
591 2271 657 2318 me.

358 2355 409 2421 37.
438 2359 523 2420 tune
545 2358 807 2440 respondebunt
830 2360 863 2425 ei

291 2460 860 2546 iustidieenteszDomine‚quando

291 2570 327 2629 te
364 2565 516 2629 vidimus
557 2565 787 2632 essurientem
826 2570 861 2630 et

291 2669 454 2751 pavimus
470 2667 498 2749 ³¹,
532 2669 707 2733 sitientem
731 2673 766 2734 et
786 2687 861 2752 po·
917 2668 934 2706 s
959 2674 994 2734 te

291 2772 504 2836 tavimus?
915 2773 1074 2838 dedimus
1099 2775 1163 2839 tibi
1185 2777 1329 2859 potum?

357 2876 408 2943 38.
443 2877 612 2959 quando*
650 2882 685 2942 te
708 2877 860 2942 vidimus
917 2878 1077 2943 *autem

291 2981 464 3065 hospitem
510 2987 545 3047 et
597 2982 860 3064 abduximus,
914 2983 1120 3064 oollegimus
1143 2989 1178 3049 te

293 3086 454 3151 *nudum
478 3091 513 3152 et
543 3087 859 3154 vestivimus?
916 3088 933 3126 s
958 3093 1018 3152 eut
1106 3091 1349 3172 cooperuimus
1372 3096 1407 3156 te

356 3189 408 3256 39.
442 3189 620 3272 *quando
653 3195 791 3256 eutem
825 3197 860 3257 te
916 3192 1019 3256 *aut
1107 3197 1225 3258 autem
1248 3195 1336 3259 fehlt
1366 3225 1368 3230 ·

291 3293 442 3356 vidimus
476 3293 718 3358 infirmari
741 3296 860 3359 autin
914 3297 1090 3361 infirmum

291 3415 437 3463 careere
461 3403 496 3462 et
518 3399 680 3463 venimus
703 3399 749 3462 ad
767 3400 826 3464 te?

354 3519 407 3587 40.
418 3521 462 3584 Et
472 3521 861 3603 respondensrexdioet

290 3626 374 3692 eis:
398 3643 502 3690 emen
518 3625 596 3690 dioo
612 3625 723 3708 vohis,
742 3646 861 3709 quam·
913 3625 982 3689 illis

290 3730 349 3793 diu
372 3729 505 3793 fecistis
527 3729 587 3793 uni
615 3728 761 3794 horum
784 3735 859 3797 ex*
912 3731 1036 3795 horum
1058 3732 1146 3797 fehlt
1236 3733 1252 3773 f
1277 3734 1330 3798 his

289 3836 457 3900 fratribus
480 3835 567 3899 meis
589 3834 750 3918 minimis,
774 3837 859 3902 mihi

289 3941 432 4008 fecistis.

353 4045 406 4113 41.
431 4049 515 4109 tune
538 4045 632 4109 dieet
654 4044 741 4108 illis
759 4044 858 4127 quia
913 4049 948 4108 et
970 4043 1024 4106 his

290 4149 442 4213 sinistra
483 4154 589 4215 sunt:
633 4149 803 4214 discedite
836 4169 858 4213 e
912 4148 1095 4212 instritris
1182 4154 1285 4213 erunt

289 4272 354 4333 me,
368 4253 558 4333 maledieti,
569 4253 605 4317 in
616 4253 734 4335 ignem
747 4260 858 4319 aeter-

288 4375 382 4439 num,
406 4374 524 4439 quem
546 4357 858 4441 paravitpater
912 4357 971 4440 qui
1002 4363 1147 4439 paratus
1181 4363 1233 4421 est
1270 4358 1410 4422 diabolo

289 4479 402 4526 meus
414 4460 554 4524 diabolo
570 4465 606 4524 et
622 4463 759 4544 angelis
772 4464 857 4530 eius

353 4565 406 4634 42.
439 4566 588 4630 essurivi
614 4566 708 4632 enim
731 4572 766 4632 et
789 4587 858 4632 non
