3198 5048
655 362 719 430 129

587 453 794 462 —--——-

236 663 509 752 Cyprianus
900 655 1108 740 Vulgata

86 894 185 974 Sion,
209 895 245 956 et
263 908 343 955 cum
364 908 405 954 eo
420 893 563 954 centum
585 903 667 969 qua-

89 998 262 1080 draginta
284 1000 450 1078 quattuor
477 992 585 1074 milia,
607 990 667 1056 ha·

86 1103 218 1166 bentes
240 1097 465 1164 nomenoius
485 1101 520 1162 ct
539 1114 666 1161 nomen

87 1204 204 1288 patris
227 1201 378 1285 ipsius,
425 1199 595 1283 scriptum
631 1198 667 1261 in
723 1200 798 1264 eius

90 1307 268 1374 frontibus
296 1305 313 1344 a
333 1305 356 1385 ¹)
726 1303 838 1371 *suis

136 1431 173 1476 v.
192 1411 223 1475 4.
246 1411 284 1476 hi
307 1414 398 1491 sunt,
418 1411 477 1493 qui
493 1427 574 1475 cum
596 1427 668 1474 mu-

89 1516 238 1583 lieribus
253 1534 296 1581 se
314 1534 397 1580 non
421 1515 668 1598 coinquina-
723 1532 793 1577 non
817 1517 897 1577 sunt
921 1513 1138 1596 coinquinati

97 1625 269 1688 verunt:
288 1621 446 1703 virgines
468 1620 561 1685 enim
574 1634 669 1703 per·
724 1625 804 1684 sunt

92 1731 351 1792 manserunt.
366 1726 402 1790 hi
416 1729 521 1806 sunt,
537 1722 605 1806 qui
619 1740 669 1786 se·
724 1726 805 1787 sunt
827 1722 886 1806 qui
908 1723 996 1788 fehlt

95 1836 226 1898 cuntur
262 1832 412 1914 Agnum,
460 1844 670 1912 quocunque

97 1956 122 2000 v
132 1936 230 2001 adit.
246 1933 271 2014 Ι)
724 1931 805 1996 ierit

162 2058 197 2104 v,
221 2039 251 2107 6.
285 2043 320 2104 et
346 2039 421 2103 vidi
454 2037 579 2102 alium
611 2054 670 2100 an·
725 2037 875 2100 alterum

96 2144 216 2226 gelum
227 2142 409 2207 volantem
425 2141 558 2207 medio
576 2157 671 2204 cae·
724 2159 789 2226 per
811 2141 965 2206 medium
988 2141 1080 2220 caeli

97 2249 155 2328 lo,
211 2246 401 2311 habentem
446 2244 700 2331 evangelium

96 2354 292 2429 aeternum,
324 2353 367 2412 ut
395 2348 672 2413 adnuntiaret
699 2334 700 2340 ἵ
726 2352 992 2434 evangelizaret
1010 2351 1212 2417 sedentibus
1231 2370 1257 2417 s.
1272 2356 1297 2420 t.

97 2457 403 2537 superterram
430 2469 503 2536 per
531 2471 672 2518 omnes
770 2461 806 2519 et
841 2473 946 2538 super
980 2473 1120 2520 omnem
1154 2459 1296 2537 gentem

97 2556 298 2621 nationes
322 2555 672 2622 ettribusetlin-
770 2563 805 2623 et
836 2560 967 2624 tribum
1005 2564 1040 2624 et
1071 2560 1229 2642 linguam
1263 2563 1298 2624 et

97 2678 204 2742 guas
227 2664 269 2724 et
292 2661 479 2743 populos,
770 2664 950 2746 populum,

166 2765 196 2831 7.
216 2765 409 2830 dicentem
423 2783 513 2830 voce
525 2783 671 2847 magna:
727 2767 850 2832 dicens

99 2870 274 2935 metuite
308 2871 444 2953 potius
468 2869 605 2951 Deum,
638 2875 673 2934 et
726 2873 847 2938 timete
870 2873 1058 2939 Dominum

100 2975 185 3040 date
217 2975 268 3039 illi
300 2976 554 3056 claritatem,
577 2993 673 3057 quo·
726 2978 905 3059 honorem,
929 2977 1011 3060 quia

101 3079 215 3144 niam
231 3080 330 3145 venit
351 3081 439 3146 hora
450 3079 571 3144 iudicii
588 3080 672 3161 eiua,

101 3189 138 3249 et
178 3184 326 3250 adorate
366 3204 455 3265 eum,
495 3185 554 3267 qui
590 3184 675 3250 fecit

101 3289 242 3355 caelum
280 3295 315 3356 et
347 3295 480 3356 terram
512 3292 547 3353 et
575 3305 674 3352 mare
914 3353 918 3360 ,

102 3401 140 3459 et
189 3394 343 3476 omnia,
378 3411 486 3477 quae
525 3393 565 3456 in
615 3391 676 3457 cis
729 3395 1042 3478 fontesaquarum

107 3495 247 3582 sunt.³)
578 3560 580 3565 .

168 3619 203 3666 v.
226 3601 259 3669 9.
295 3599 339 3664 at
373 3599 497 3664 tertius
530 3599 677 3679 angelus

103 3708 245 3769 secutus
284 3709 337 3768 est
373 3721 453 3783 eoa,
483 3703 604 3767 dicens
637 3703 678 3766 in
731 3705 810 3769 illos
897 3705 934 3769 in
956 3705 1045 3770 fehlt

105 3825 196 3872 voce
219 3824 365 3889 magna:
390 3806 419 3870 si
438 3807 515 3889 quis
530 3808 679 3872 adorat
733 3811 938 3875 adoraverit

104 3909 678 3993 bestiametsimulacrumeius,
732 3915 924 3997 imaginem

106 4019 142 4080 et
166 4013 335 4098 accepit
358 4013 680 4097 inscriptionem
734 4018 915 4101 acceperit
937 4018 1183 4084 characterem

105 4119 142 4182 in
162 4119 277 4183 fronte
296 4134 360 4181 sua
376 4122 437 4182 aut
460 4135 586 4202 super
609 4139 680 4186 ma·
735 4123 771 4186 in
793 4140 901 4186 manu
924 4140 988 4186 sua

109 4241 193 4288 num
216 4241 326 4305 suam,

215 4416 235 4483 ¹)
253 4431 298 4485 90,
320 4415 352 4469 16
369 4423 433 4469 test.
453 4413 487 4483 ΙΙ,
504 4431 546 4468 aa
576 4444 608 4452 —
635 4416 656 4483 ¹)
677 4417 736 4488 146,
754 4434 771 4487 7
789 4424 853 4472 test.
872 4415 917 4485 Ill,
945 4431 979 4484 32
1005 4432 1031 4469 u.
1054 4432 1111 4485 190,
1132 4433 1165 4470 10
1183 4416 1220 4471 de
1238 4415 1303 4472 hab.

106 4500 181 4570 virg.
200 4519 229 4572 4,
250 4502 326 4556 doch
345 4501 420 4557 steht
437 4501 481 4556 ihr
500 4501 591 4556 vadit:
611 4500 683 4557 ierit
703 4533 737 4542 -
755 4505 776 4572 ⁸)
794 4519 854 4572 323,
875 4520 892 4572 3
909 4503 947 4557 ad
960 4503 1106 4558 Fortunat.
1125 4521 1142 4556 2
1164 4521 1190 4558 u.
1213 4504 1269 4574 136,
1291 4521 1303 4558 1

108 4595 172 4644 test
192 4587 237 4654 111,
255 4605 301 4658 ω,
323 4588 399 4643 doch
417 4587 509 4644 heisst
527 4605 560 4643 es
578 4588 653 4644 nach
672 4606 766 4645 mare:
786 4599 815 4644 et
832 4589 927 4645 sontes
945 4606 1097 4661 aquarum.

1187 4696 1205 4752 9
