3198 5048
289 284 1493 720 4}—

424 583 699 672 (lyprlenus
1091 577 1302 662 Vulgata
1571 649 1572 658 χ

287 725 391 745 a
394 716 1493 744 W

474 811 560 896 Cep.
584 813 678 879 XIV.

352 953 387 999 v.
411 933 464 1001 29.
510 933 706 1017 prophetae
739 935 858 996 autem

289 1039 358 1104 duo
381 1043 442 1102 aut
464 1042 538 1102 tres
569 1037 801 1118 loquantur
823 1041 859 1101 et
914 1036 1036 1100 dieunt

288 1143 400 1208 ceteri
422 1141 710 1208 examinent.
914 1140 1110 1204 diiudicent

356 1244 408 1311 30.
455 1244 517 1308 *si
561 1244 622 1308 elii
660 1246 861 1311 revelatum
913 1243 1049 1325 *quod
1071 1243 1101 1306 si
1571 1299 1572 1328 ¹

290 1349 458 1415 sedenti
483 1349 632 1432 fuerit,
665 1349 726 1414 ille
765 1349 862 1432 prior
914 1346 1392 1434 Stellunngueritsedenti3
1426 1347 1493 1410 ille
1571 1343 1572 1396 f

290 1457 422 1519 taceat.
438 1451 463 1534 ¹)
958 1451 1047 1516 fehlt

353 1593 389 1642 v,
402 1573 454 1642 34.
478 1573 644 1638 mulieres
666 1579 862 1640 vestras
915 1577 1059 1638 vestrae
1081 1572 1171 1638 fehlt

292 1680 330 1744 in
354 1677 515 1744 eeclesiis
537 1681 694 1760 taceant,
1571 1725 1572 1728 ,

358 1783 411 1849 35.
444 1782 588 1864 siquae
622 1785 742 1846 autem
779 1782 863 1864 quid
916 1779 1043 1863 siquid
1060 1785 1179 1846 autem
1201 1783 1326 1848 volunt
1338 1782 1490 1863 discere,

291 1887 431 1952 discere
465 1887 601 1967 volunt,
637 1886 731 1950 domi
766 1887 863 1952 viros
1571 1873 1572 1910 Ι

292 2011 374 2057 suos
395 1992 624 2073 interrogent
643 1989 669 2072 ²)

484 2179 570 2265 Cap.
593 2181 671 2248 XV.

345 2304 864 2389 V.33.oorrumpuntmores
917 2307 1147 2386 corrumpunt

292 2409 403 2473 bonos
426 2411 656 2492 conloquia
680 2411 786 2478 male.
795 2409 821 2490 ³)
918 2409 1095 2491 colloquia

357 2551 391 2600 v.
415 2532 467 2600 36.
512 2536 679 2617 stulte,
710 2535 749 2596 tu
772 2532 865 2614 quod
917 2530 1087 2613 insipiens

294 2636 470 2719 seminas,
524 2656 596 2702 non
639 2637 864 2718 vivificetur,

293 2740 361 2804 nisi
383 2739 590 2807 'mortuum
612 2741 764 2808 fuerit
779 2741 808 2827 ⁴)
918 2737 935 2773 *
958 2738 1055 2820 prius
1079 2738 1256 2804 moriatur

359 2879 394 2926 v,
418 2862 471 2927 41.
517 2862 652 2926 stella*
674 2863 729 2927 ab
761 2864 866 2929 stella
921 2861 938 2896 *
963 2861 1057 2925 enim
1145 2879 1168 2925 a

295 2965 413 3030 differt
434 2966 470 3030 in
494 2967 669 3032 claritate.

358 3070 411 3135 42.
455 3071 582 3135 itaet
608 3072 866 3153 resurrectio*
918 3068 970 3134 sic
1059 3070 1315 3136 *mortuorum

295 3176 487 3241 seminatur
510 3193 638 3258 eorpus
660 3176 697 3239 in
725 3194 866 3260 eorrup—
919 3190 1047 3256 oorpus
1068 3174 1157 3240 fehlt

295 3281 401 3360 tione,
417 3281 569 3363 surgit
583 3280 659 3345 sine
673 3298 865 3364 corrup·
918 3282 1039 3360 surget
1125 3277 1390 3364 incorruptione

297 3385 407 3450 tela.

360 3505 413 3572 43.
453 3504 647 3570 seminatur
668 3506 705 3570 in
734 3508 864 3590 igno·
918 3504 1140 3587 ignobilitate

297 3609 438 3690 minis,
474 3610 661 3692 resurgit
683 3611 719 3674 in
742 3612 865 3694 gloria,
919 3615 1040 3692 surget

297 3713 491 3780 seminatur
504 3713 541 3777 in
559 3713 773 3794 infirmitate,
797 3732 866 3779 re·
919 3719 1041 3795 surget

298 3818 452 3901 surgit
475 3817 512 3881 in
534 3817 666 3882 virtute

362 3922 415 3988 44.
438 3922 632 3987 seminatur
654 3940 778 4008 eorpus
793 3926 865 3990 ani-

298 4029 402 4110 male,
426 4026 579 4108 surgit
603 4025 620 4064 *
641 4027 801 4109 spiritale
813 4027 842 4115 ⁶)
919 4033 1038 4110 surget
1128 4027 1145 4067 *
1170 4045 1298 4111 oorpus

404 4221 423 4286 ¹)
443 4235 503 4289 773,
521 4234 556 4286 23
575 4233 619 4288 ep.
640 4234 683 4287 71,
700 4234 725 4287 3.
743 4247 778 4256 -
796 4218 817 4287 ²)
838 4233 897 4287 152,
915 4237 932 4287 4
950 4218 1055 4272 testim.
1076 4219 1122 4284 ΙΙΙ,
1140 4221 1182 4288 46.
1196 4219 1259 4286 -⁸)
1272 4235 1331 4289 177,
1350 4232 1365 4288 5
1383 4217 1486 4272 testim.

299 4305 346 4373 ΙΙΙ,
363 4320 407 4374 95.
426 4305 569 4373 Dagegen
587 4304 653 4358 liest
670 4321 730 4375 225,
748 4321 780 4357 21
801 4305 838 4358 de
857 4305 930 4360 cath.
950 4306 1018 4358 eccl.
1038 4306 1094 4360 uni.
1118 4324 1148 4377 17
1168 4314 1364 4376 conrumpunt
1373 4304 1487 4375 ingenia

299 4392 376 4446 bona
394 4390 642 4446 confabulationes
659 4391 816 4463 pessimae,
835 4392 945 4446 ebenso
963 4395 1025 4463 669,
1043 4409 1078 4462 23
1096 4411 1142 4464 ep.
1161 4410 1203 4464 59,
1221 4411 1263 4447 20.
1292 4424 1324 4433 -
1354 4394 1374 4460 ⁴)
1396 4408 1454 4463 159,
1471 4409 1486 4462 7

300 4478 405 4533 testim.
424 4478 466 4550 58.
486 4509 520 4518 -
538 4479 560 4546 ⁸)
582 4494 639 4549 159,
658 4479 676 4532 8
693 4477 799 4533 testim.
818 4478 865 4542 ΙΙΙ,
883 4481 925 4548 58.
