3236 5056
270 635 536 720 Cyprianus

119 773 278 782 —-—

119 783 278 790 m...—

120 864 363 928 ascenderunt
401 863 447 928 ad
486 861 693 927 memoriam

120 984 282 1032 coram
305 969 391 1032 Dec.
414 968 436 1048 1)

188 1091 222 1136 v.
239 1071 291 1140 28.
316 1073 476 1138 dominus
490 1071 576 1136 mihi
594 1070 693 1152 dixit,

120 1165 300 1242 neminem
331 1177 510 1242 hominum
542 1194 694 1240 commu·

120 1278 693 1366 nemdicendumetinmundum.²)

301 1418 387 1502 Gap,
411 1418 509 1486 XIII.

193 1542 227 1590 v.
268 1523 320 1590 46.
387 1523 489 1589 vobis
541 1524 691 1607 primum

122 1633 372 1711 oportuerat
386 1627 693 1716 indicariverbum

121 1733 272 1814 Domini,
305 1733 367 1798 sed
391 1732 474 1816 quia
510 1731 694 1815 expulistis

121 1839 221 1920 illud,
252 1856 320 1902 nec
353 1856 418 1902 vos
442 1837 565 1919 dignos
597 1835 694 1900 vitae

122 1945 295 2006 aeternae
305 1941 497 2022 iudicastis,
517 1957 602 2006 eece
614 1957 693 2004 con·

122 2047 295 2112 vertimus
318 2065 382 2110 nos
404 2048 450 2111 ad
473 2049 606 2129 gentes,

190 2152 244 2218 47.
283 2152 334 2216 sic
371 2151 465 2216 enim
502 2149 592 2214 dixit
630 2167 696 2232 per

123 2257 337 2339 scripturam
377 2255 565 2321 Dominus:
611 2271 696 2319 ecce

123 2362 242 2424 lucem
265 2359 366 2442 posui
383 2363 419 2423 te
443 2359 534 2423 inter
562 2367 695 2442 gentes,

123 2466 176 2529 ita
215 2469 253 2529 ut
293 2465 340 2529 sis
380 2465 416 2528 in
461 2463 696 2529 salvationem

123 2585 236 2651 usque
259 2568 415 2634 adfines
438 2572 568 2633 terrae.
579 2565 608 2652 ³)

318 2723 404 2807 Oap.
427 2723 504 2792 XV.

192 2847 226 2892 v.
250 2827 303 2894 28.
344 2827 459 2891 visum
483 2829 696 2894 estisancto

126 2933 265 3016 spiritui
288 2939 321 2998 el
343 2933 454 3015 nobis,
482 2933 616 2997 nullam
638 2950 697 2995 vo-

126 3036 181 3100 bis
200 3036 369 3118 inponere
387 3037 575 3118 sarcinam,
592 3055 698 3119 quam

126 3141 206 3222 ista,
226 3159 317 3223 quae
330 3160 375 3206 ex
388 3141 592 3206 necissitate
608 3144 698 3221 sunt,

193 3242 245 3314 29.
270 3245 448 3309 abstinere
470 3262 535 3308 vos
558 3244 604 3309 ab
627 3243 698 3308 ido-

126 3347 278 3413 lolatriis
310 3352 345 3413 et
377 3348 549 3430 sangnine
573 3352 609 3414 et
632 3349 699 3412 for-

126 3453 326 3532 nicatione,
373 3449 425 3518 et
467 3471 699 3536 quaecunque

127 3559 231 3624 vobis
262 3557 339 3624 fieri
378 3576 449 3622 non
481 3557 599 3638 vultis,
638 3556 700 3620 alii

127 3681 175 3728 ne
197 3661 363 3727 feceritis
381 3659 410 3746 4)

312 3815 397 3902 Oap.
419 3817 514 3884 XVI.

195 3943 229 3990 v.
243 3922 295 3991 25.
319 3923 701 3989 circamediamautem

128 4033 271 4094 noctem
294 4026 424 4092 Paulus
447 4031 482 4092 et
503 4026 615 4092 Sileas
649 4045 701 4091 or-

130 4139 232 4200 antes
264 4132 400 4216 gratias
434 4132 590 4214 agebant
613 4131 698 4211 Deo,

131 4239 325 4304 audiebant
343 4241 461 4302 autem
476 4255 535 4302 eos
545 4235 698 4322 vincti.⁵)

746 963 782 1027 in
806 969 1000 1049 conspectu

746 1069 832 1133 mihi
846 1071 999 1135 ostendit
1012 1070 1118 1153 Deus,
1142 1069 1318 1135 neminem

791 1190 1012 1238 communem
1028 1178 1090 1238 aut
1101 1174 1318 1242 immundum

792 1277 911 1343 dicere
934 1277 1124 1345 hominem.

748 1521 849 1587 vobis
862 1523 1048 1606 oportebat
1057 1523 1208 1606 primum
1224 1521 1321 1604 loqui

791 1627 940 1692 verbum
962 1627 1040 1709 Dei,
1068 1629 1130 1692 sed
1154 1628 1320 1710 quoniam

792 1731 962 1813 repellitis
985 1731 1081 1812 illud,
1106 1736 1141 1796 et
1158 1732 1320 1815 indignos

794 1835 1318 1919 vosiudicatisaeternaevitae‚

795 1939 1319 2022 ecceconvertimuradgentes.

751 2148 808 2214 Sic
831 2147 924 2212 enim
942 2149 1127 2232 praecepit
1144 2150 1244 2215 nobis
1254 2150 1320 2214 Do·

793 2254 922 2322 minus:
956 2255 1057 2340 posui
1083 2259 1119 2320 te
1146 2255 1182 2320 in
1205 2257 1322 2322 lucem

794 2359 961 2442 gentium,
984 2362 1023 2422 ut
1045 2359 1092 2422 sis
1115 2359 1151 2423 in
1169 2361 1321 2426 salutem

794 2482 904 2547 usque
922 2464 968 2528 ad
979 2467 1176 2529 extremum
1191 2467 1321 2532 terrac.

753 2826 770 2865 a
786 2827 880 2892 enim
903 2846 954 2912 sp.
972 2846 999 2892 s.
1015 2832 1051 2894 et
1061 2847 1105 2910 n.,
1121 2828 1209 2893 nihil
1228 2830 1323 2895 ultra

794 2930 876 3014 imp.
917 2931 1019 2995 vobis
1051 2932 1176 3014 oneris
1217 2952 1324 3016 quam

795 3035 886 3101 haec
927 3038 1146 3104 necessaria:
1186 3048 1225 3103 ut
1262 3041 1323 3104 ab·

767 3185 769 3190 -
795 3139 956 3206 stineatis
978 3158 1043 3204 vos
1066 3141 1111 3205 ab
1134 3141 1324 3208 immolatis

796 3246 1322 3330 simulachrorumetsanguino

796 3357 831 3418 et
841 3347 1021 3434 suffocato,
1033 3355 1068 3416 et
1077 3352 1323 3435 fornicatione,

796 3474 818 3519 a
841 3455 966 3538 quibus
995 3456 1232 3522 custodientes
1260 3475 1324 3521 vos

795 3559 887 3624 bene
910 3559 1034 3642 agetis.

754 3923 871 3990 media
904 3927 1022 3988 autem
1056 3928 1160 3990 nocte
1194 3925 1324 3990 Paulus

799 4031 835 4092 et
853 4027 943 4092 Silas
966 4032 1108 4093 orantes
1130 4028 1326 4094 laudabant

799 4132 926 4213 Deum3
961 4136 997 4196 et
1028 4131 1221 4196 audiebant
1256 4153 1325 4217 eoS,

798 4237 857 4318 qui
879 4237 915 4300 in
939 4237 1099 4300 custodia
1122 4244 1234 4302 erant.

238 4461 258 4528 ¹)
276 4479 337 4530 290,
355 4477 390 4530 23
408 4463 445 4516 de
465 4461 572 4517 domin.
592 4471 663 4517 orat
682 4478 724 4530 32.
752 4492 779 4501 -
796 4464 816 4531 ¹)
836 4479 895 4533 720,
917 4479 949 4516 12
967 4479 1012 4532 ep.
1032 4464 1075 4532 64,
1093 4478 1118 4533 5.
1147 4492 1180 4501 -
1207 4464 1227 4530 ⁸)
1246 4479 1325 4534 57,5

130 4557 196 4604 test.
216 4549 236 4619 l,
254 4565 296 4604 21.
315 4579 348 4588 -
368 4552 387 4617 ‘l
410 4552 467 4621 184,
485 4565 502 4620 5
522 4549 627 4604 testim.
646 4549 692 4619 Ill,
713 4566 769 4619 119.
792 4581 824 4588 -
842 4553 863 4619 ὅ)
885 4567 943 4620 127,
964 4567 996 4619 13
1014 4559 1078 4606 test.
1099 4549 1144 4620 ill,
1165 4567 1205 4618 14.

1189 4655 1223 4711 ὁ*
