3198 5048
604 369 812 474 -Q

249 665 520 754 Cyprianus
912 667 1117 753 Vulgata

168 915 203 962 v.
235 899 280 964 lt.
322 897 454 980 Sciens,
483 897 674 979 quoniam
729 897 811 980 quia

100 1019 293 1084 perversus
327 1006 379 1066 est
410 1001 616 1082 huiusmodi,
640 1005 675 1066 et
728 1002 918 1067 subversus
953 1004 1006 1066 est
1037 1001 1096 1084 qui
1129 1001 1299 1064 eiusmodi

100 1111 242 1189 peceat,
275 1113 309 1171 et
343 1112 397 1172 est
430 1126 452 1172 a
486 1106 674 1189 semetipso
772 1112 834 1190 est,
858 1112 893 1172 et
916 1106 1106 1188 delinquit,
1139 1123 1220 1170 cum
1253 1106 1298 1170 sit

101 1210 300 1277 damnatus.
321 1209 346 1296 ²)
770 1210 912 1294 proprio
967 1209 1083 1273 iudico
1137 1209 1298 1274 condem-

771 1319 886 1382 natus

474 1505 659 1611 Epistola
692 1505 728 1593 b.
761 1507 869 1595 Patri
903 1503 925 1592 Ι.

311 1681 396 1765 Cap.
421 1682 466 1752 ΙΙ.

168 1822 203 1868 v.
224 1803 275 1870 ll.
322 1802 422 1884 quasi
454 1802 610 1886 hospites
640 1803 676 1866 et
730 1802 876 1868 obsecro
913 1821 977 1868 vos
1020 1807 1202 1887 tamquam
1239 1803 1298 1866 ad-

101 1907 281 1992 percgrini
324 1907 498 1972 abstinete
543 1924 608 1970 vos
650 1923 672 1969 a
772 1924 884 1970 venas
924 1910 959 1971 et
994 1907 1200 1990 peregrinos
1238 1908 1297 1972 ab·

100 2011 306 2078 carnalibus
342 2011 540 2093 desideriis,
581 2028 673 2093 quae
772 2009 902 2074 stinere
925 2028 1034 2075 vosa

100 2116 257 2180 militant
279 2115 451 2180 adversus
475 2115 640 2196 animam,

171 2219 221 2286 12.
245 2219 674 2285 conversationem
701 2292 702 2305 ,
729 2219 1035 2284 conversationem
1063 2224 1221 2285 vestram
1249 2221 1299 2285 in·

101 2326 277 2390 habentes
310 2325 403 2388 inter
434 2323 584 2407 gentiles
616 2312 702 2385 bo-'
770 2324 1299 2408 tergentileshabentes,bonam
1375 2334 1378 2343 “

102 2448 198 2512 nam,
229 2433 268 2494 ut
299 2429 381 2493 dum
408 2431 608 2494 retractant
630 2427 674 2491 de
770 2427 807 2490 in
826 2446 877 2508 e0,
897 2428 989 2509 quod
1021 2428 1224 2494 detractant
1255 2429 1317 2493 de¹

102 2535 206 2599 vobis
218 2533 319 2617 quasi
331 2534 375 2599 de
390 2532 564 2618 malignis,
580 2533 674 2596 bona
770 2532 881 2614 vobis,
910 2533 1208 2614 malefactoribus,
1254 2537 1324 2624 cxl·

103 2656 215 2722 opera
277 2641 399 2702 vestra
460 2637 674 2720 aspicientes
771 2637 871 2700 bonis
899 2636 1063 2719 operibus
1093 2655 1157 2700 vos
1187 2637 1298 2700 consi-

103 2741 334 2824 magnifioent
357 2740 555 2808 Dominum.
572 2739 601 2827 2)
772 2741 948 2822 derantes,
964 2740 1162 2822 glorificent
1183 2741 1297 2806 Deum

772 2845 808 2910 in
833 2845 889 2910 die
913 2845 1135 2913 visitationis

174 2968 206 3014 v.
221 2947 274 3016 2Ι.
299 2947 456 3014 Christus
479 2967 604 3032 passus
623 2953 676 3013 est

104 3071 169 3136 pro
206 3053 317 3134 nobis,
349 3053 552 3135 relinquens
575 3053 676 3117 vobis
731 3053 832 3118 vobis
853 3053 1056 3135 relinquens

107 3156 328 3238 exemplum,
384 3160 422 3221 ut
481 3155 678 3240 sequamini

104 3261 258 3345 vestigia
282 3263 366 3344 eius,

172 3365 225 3435 22.
271 3367 330 3450 qui
374 3370 563 3449 peccatum
607 3383 678 3429 non

106 3471 202 3554 fecit,
226 3490 293 3536 nec
317 3471 416 3536 dolus
438 3471 604 3536 inventus
626 3473 680 3534 est

104 3575 335 3656 morosius,

172 3677 226 3745 23.
267 3678 327 3762 qui
370 3696 450 3743 oum
491 3679 679 3744 maledico-

105 3787 214 3866 retur,
225 3801 296 3846 non
306 3781 678 3865 remaledixit,cum
732 3781 970 3846 maledicebat

104 3891 298 3972 pateretur,
328 3906 399 3952 non
422 3870 678 3968 minabatur,
733 3887 1016 3951 comminabatur

106 3993 274 4059 tradebat
318 3996 437 4058 autem
481 4011 519 4059 se
571 3989 679 4055 iudici
732 3992 840 4057 iudici
863 3991 951 4057 fehlt

106 4097 279 4162 iudicanti
301 4096 438 4164 iniuste.
456 4095 485 4182 3)

215 4235 235 4304 l)
257 4251 315 4306 172,
336 4252 365 4289 11
386 4234 491 4289 testim.
511 4234 556 4306 ΙΙΙ,
575 4237 617 4306 78,
646 4233 789 4289 wahrend
806 4234 866 4304 689,
884 4249 919 4304 24
938 4231 1050 4304 epistol.
1070 4248 1113 4302 59,
1131 4248 1167 4286 ao
1186 4231 1232 4286 mr
1251 4233 1298 4286 de·

107 4323 170 4378 vita
198 4323 275 4378 evita
294 4322 351 4376 hat.
380 4352 407 4360 -
440 4324 460 4390 ²)
482 4339 539 4393 124,
558 4340 592 4394 24
610 4321 716 4378 testim.
737 4321 781 4388 ΙΙΙ,
802 4339 832 4376 11
861 4338 887 4375 u.
906 4323 966 4390 506,
986 4337 1019 4390 13
1036 4337 1083 4391 ep.
1107 4335 1146 4390 13,
1165 4337 1183 4390 3
1201 4319 1289 4390 cinge

107 4409 190 4466 leitet
207 4409 259 4465 mit
276 4410 350 4464 sicut
368 4418 436 4464 statt
455 4410 546 4480 quasi.
557 4441 590 4449 -
601 4413 621 4479 ⁸)
639 4427 697 4481 149,
714 4410 732 4462 6
750 4408 857 4464 testim.
876 4407 923 4476 111,
940 4425 976 4478 39
992 4408 1021 4462 in
1040 4425 1102 4478 403,
1123 4425 1154 4478 17
1173 4408 1210 4462 de
1224 4408 1301 4464 bono

109 4496 229 4568 patient.
247 4514 273 4568 9,
292 4514 339 4552 wo
358 4497 430 4552 aber
449 4497 535 4552 iudici
553 4497 631 4553 fehlt.
668 4514 696 4551 v.
714 4513 747 4550 21
767 4495 858 4551 findet
876 4495 938 4550 sich
960 4495 1034 4550 auch
1052 4496 1112 4566 426,
1129 4511 1164 4566 25
1182 4495 1219 4550 de
1238 4495 1301 4550 zelo

109 4593 139 4640 et
157 4583 205 4640 liv.
226 4600 267 4640 11.

1181 4690 1200 4745 8
