3236 5056
725 386 765 454 15

641 473 851 492 -ῑ--1

293 681 563 767 Cyprianus
744 613 748 828 ι
951 682 1160 766 Vulgata

335 909 422 994 Cap.
447 911 524 975 VII.

209 1049 244 1095 v.
269 1029 299 1097 2.
344 1031 385 1096 In
430 1051 501 1114 qua
550 1049 717 1097 mensura

142 1134 257 1198 mensi
290 1135 437 1218 fueritis,
461 1137 506 1201 in
530 1156 585 1202 ea
607 1155 717 1201 reme·
770 1137 806 1200 in
830 1156 873 1203 ea
891 1138 980 1203 fehlt

143 1239 252 1304 tietur
275 1240 387 1305 vobio.
409 1239 432 1320 ΙΙ

210 1379 244 1426 v.
262 1359 291 1428 6.
315 1361 375 1427 Ne
394 1363 717 1428 dederitissanc·
772 1364 880 1428 nolite
905 1365 1040 1429 dares.
1065 1385 1095 1432 c.

145 1468 219 1529 tum
243 1467 391 1531 canibus
423 1487 538 1550 neque
569 1467 715 1531 miser·
773 1467 922 1532 mittatis

146 1569 215 1634 itis
238 1571 453 1653 margaritas
474 1577 616 1637 vestras
634 1576 718 1636 ante

145 1691 292 1757 porcOS,
323 1695 368 1740 ne
391 1677 482 1742 forte
506 1677 719 1742 conculcent

145 1795 207 1841 eas
231 1779 379 1860 pedibus
403 1781 474 1844 suis
498 1785 534 1846 et
554 1781 719 1845 conversi

145 1882 337 1948 elidant
359 1902 434 1952 vos,
449 1883 474 1964 2)
773 1886 977 1970 dirumpant

206 2005 241 2053 v.
265 1986 295 2055 9.
342 1987 456 2071 Quis
489 1993 543 2054 est
583 2009 628 2055 ex
659 2009 719 2055 vo·
773 1995 834 2055 aut
857 1991 935 2073 quis

145 2091 200 2154 bis
221 2092 336 2174 homo,
360 2113 474 2177 quern,
512 2095 542 2160 si
578 2094 720 2178 petierit

145 2195 236 2260 filius
260 2197 355 2262 eius
378 2218 508 2282 panem
532 2199 718 2283 *lapidem
773 2217 855 2262 suus
945 2200 962 2239 a
982 2203 1152 2285 numquid

145 2301 325 2384 porrigat
348 2303 427 2385 illi,
773 2303 948 2385 porriget
971 2306 1004 2370 ei

191 2404 241 2470 10.
259 2409 321 2470 aut
339 2407 369 2471 si
385 2408 520 2490 piscem
538 2412 719 2493 postula·
772 2407 914 2489 petierit

144 2509 299 2591 verit,
356 2511 599 2596 *serpentem
642 2515 719 2579 illi
774 2513 972 2596 *numquid

145 2613 337 2696 porrigat?
772 2617 947 2700 porriget
970 2618 1002 2682 ei

211 2717 263 2782 ll.
283 2717 313 2782 si
336 2735 421 2801 ergo
444 2738 519 2803 voc,
543 2738 624 2786 cum
643 2720 718 2785 sitis
744 2710 746 2869 1

143 2841 344 2906 nequam,
368 2823 489 2888 scitis
517 2825 610 2890 bona
633 2825 718 2890 data

144 2928 234 2992 dare
275 2927 355 2992 filiis
399 2929 540 3012 vestris,
586 2933 718 3011 quanto

143 3030 259 3114 magis
281 3036 386 3115 pater
409 3037 530 3098 vester
556 3035 718 3099 caeles·
772 3033 890 3114 quiin
914 3035 1014 3099 caelo
1038 3045 1091 3100 est

146 3134 208 3198 tis
250 3135 349 3200 dabit
392 3136 487 3201 bona
520 3157 716 3221 poscen-
771 3137 972 3219 petentibus
995 3139 1060 3203 se?

145 3239 472 3326 fibuseumlv

212 3362 246 3411 v,
263 3343 313 3412 12.
342 3345 583 3430 Quaecunque
601 3349 716 3412 volu·
772 3345 878 3410 vultis

146 3448 285 3532 eritis,
308 3455 346 3514 ut
368 3451 504 3516 faciant
526 3452 627 3516 vobis
659 3453 718 3516 ho-

145 3553 259 3618 mines
275 3553 397 3636 bona,
411 3556 471 3620 ita
488 3561 523 3621 et
532 3575 598 3620 vos
609 3557 717 3622 facite
743 3613 745 3633 ⁴
771 3552 864 3616 bona
886 3553 958 3616 und
981 3553 1031 3617 ita
1054 3555 1172 3619 fehlen

145 3657 227 3723 illis.
259 3658 351 3724 haec
383 3663 436 3724 est
468 3661 562 3726 enim
595 3662 654 3726 lex
682 3667 718 3727 et

145 3761 353 3844 prophetae.
369 3760 395 3842 4)

191 3883 226 3929 v.
243 3865 292 3931 13.
317 3866 444 3948 Quam
463 3868 555 3932 lata
569 3873 610 3934 et
628 3887 718 3952 spa·
771 3865 854 3947 quia
863 3866 938 3930 lata
948 3872 1051 3949 porta
1068 3872 1103 3933 et
1114 3871 1205 3951 spat.
1215 3868 1276 3932 via
1287 3873 1340 3933 est

145 3969 257 4034 tiosa
280 3969 349 4034 via
373 3975 436 4052 est,
456 3990 547 4054 quae
562 3972 659 4037 ducit
672 3973 716 4037 ad

146 4074 382 4152 interitum,
420 4081 456 4142 et
492 4077 593 4142 multi
626 4081 717 4158 sunt,
772 4073 1005 4158 perditionem

147 4179 209 4263 qui
232 4179 452 4245 introeunt
474 4200 539 4264 per
562 4199 652 4248 earn.
771 4179 906 4243 intrant

772 2824 866 2906 mali,
890 2826 999 2890 nostis

253 4333 273 4403 ¹)
293 4335 354 4405 2⁸4,
371 4353 389 4405 9
406 4365 441 4373 -
459 4335 496 4392 de
515 4338 592 4392 dom.
612 4346 683 4392 orat.
703 4353 745 4406 23.
773 4366 808 4374 -
834 4333 856 4404 ²)
878 4351 936 4406 154,
954 4352 970 4406 7
988 4365 1022 4376 -
1041 4336 1145 4392 testim.
1165 4337 1208 4406 ΙΙΙ,
1231 4353 1266 4408 50
1283 4339 1341 4393 und

147 4438 207 4493 351,
228 4438 261 4476 12
280 4453 312 4463 -
331 4424 369 4478 ad
387 4423 535 4480 Demet.1
564 4425 609 4480 bis
632 4425 756 4497 pedibus
776 4423 844 4494 suis,
872 4422 947 4478 doch
970 4422 1041 4478 fehlt
1058 4423 1147 4492 sorte;
1175 4426 1247 4480 auch
1265 4425 1343 4480 steht

148 4508 192 4564 dtr
210 4508 395 4565 conculcent:
422 4510 574 4566 inculcent.
594 4541 627 4551 —
655 4511 676 4582 ⁸)
694 4513 755 4582 640,
774 4526 808 4580 25
827 4540 860 4549 —
879 4527 925 4581 ep.
945 4526 988 4582 55,
1005 4527 1047 4581 23.
1076 4541 1105 4550 —
1136 4516 1158 4582 ⁴)
1176 4515 1238 4582 288,
1258 4531 1288 4567 11
1308 4543 1342 4552 —

148 4596 185 4651 de
203 4595 281 4650 dom.
300 4605 373 4653 orat
390 4599 434 4654 28.
