3198 5048
670 367 711 436 77

588 459 795 470 ..ιιι-ι

236 665 508 754 Cyprianus
901 665 1108 752 Vulgata

152 891 203 958 22.
245 894 447 975 quoniam
498 893 663 975 quidem
718 911 800 956 nam
824 894 962 976 quiain
988 895 1054 959 Dei
1077 897 1253 980 sapientia

88 999 125 1062 in
151 997 329 1080 sapientia
353 997 419 1062 Dei
441 1015 512 1061 nen
538 1015 664 1077 eogno-

95 1103 151 1165 vit
183 1101 333 1165 mundus
365 1118 429 1184 per
452 1100 664 1184 sapientiam

89 1206 229 1286 Deum,
286 1205 543 1287 complacuit
589 1203 663 1268 Deo
717 1203 852 1286 placuit

87 1328 156 1393 per
188 1309 373 1374 stultitiam
400 1295 664 1392 praedicatonis

88 1417 264 1480 salvare
288 1415 493 1479 credentes:
718 1411 837 1494 salvos
861 1415 982 1480 faeere

156 1518 209 1584 23.
226 1519 664 1602 quoniamiludaeisigna
717 1516 733 1552 '¹‘
756 1521 792 1582 et

89 1623 352 1705 desiderant,
367 1629 402 1689 et
421 1623 550 1689 Graeci
569 1643 664 1706 pru-
717 1626 841 1704 petunt
945 1625 1157 1708 sapientiam

91 1727 285 1793 dentiam
304 1733 489 1811 quaerunt.

157 1831 209 1902 24,
243 1850 307 1896 nos
335 1836 454 1896 autem
476 1831 663 1914 praediea-

88 1957 169 2002 mus
210 1937 387 2003 Christum
437 1935 644 2001 crucifixum
656 1983 663 2016 ,

89 2041 238 2107 Judaeis
272 2042 413 2124 quidem
446 2039 664 2120 scandalum,

90 2145 255 2228 gentibus
300 2149 419 2210 autem
463 2144 663 2226 stultitiam,

91 2249 178 2332 ipsis
200 2254 321 2314 autem
346 2249 495 2330 voeatis,
519 2249 664 2314 Judaeis

92 2359 136 2418 et
183 2352 341 2434 Graecia,
387 2352 564 2418 Christum
598 2355 665 2420 Dei
720 2356 826 2433 atque

91 2460 261 2524 virtutem
277 2462 312 2523 et
326 2457 393 2523 Dei
409 2456 663 2545 sapientiam.¹)

303 2613 388 2698 Cap.
412 2615 457 2681 ΙΙ.

158 2737 193 2782 v.
216 2718 246 2785 9.
293 2719 385 2801 quod
429 2737 497 2783 nee
542 2719 663 2783 oeulus
720 2715 812 2796 quod
836 2715 955 2780 oeulos
978 2735 1049 2780 nen
1071 2735 1104 2784 u.

91 2822 185 2886 vidit
206 2839 274 2886 nee
301 2821 397 2886 auris
430 2821 567 2887 audivit
598 2842 665 2888 nee

92 2928 128 2992 in
155 2945 217 2991 eor
239 2926 391 2990 hominis
414 2927 617 3012 aseendit.2)

291 3081 376 3167 Cap.
400 3083 463 3148 III.

159 3205 194 3252 v.
218 3187 249 3252 1.
291 3186 336 3250 Et
359 3205 424 3268 ego
465 3188 665 3270 quidem,
720 3181 861 3263 quidem
883 3181 972 3248 fehlt

93 3293 234 3374 fratres,
257 3310 328 3355 nen
341 3291 438 3374 potui
451 3291 553 3356 vobis
572 3292 667 3374 loqui

94 3395 667 3480 quasispiritalibus,sedquasi
720 3390 961 3472 spiritualibus

94 3498 321 3581 carnalibus,
366 3502 487 3582 quasi
530 3503 666 3567 infan-
719 3498 901 3577 tamquam
923 3496 1083 3580 parvulis

93 3605 226 3670 tibus
249 3604 285 3669 in
309 3603 457 3670 Christe.

160 3707 190 3774 2.
223 3709 318 3774 laete
340 3728 405 3774 ves
428 3709 560 3793 potavi,
596 3727 665 3773 non
719 3705 777 3768 lau
811 3703 912 3767 vobis
949 3709 1069 3788 petum
1105 3705 1186 3770 dedi
1220 3724 1289 3786 nen

95 3813 186 3878 cibe.
208 3815 363 3878 nendum
376 3815 468 3878 enim
485 3813 665 3896 poteratis,
764 3825 879 3873 eseam

96 3919 159 3982 sed
199 3937 313 4000 neque
357 3936 452 3982 nune
495 3917 664 4000 potestis:
719 3931 787 3978 nec

96 4023 213 4087 adhue
245 4022 338 4086 enim
372 4022 454 4087 estis
491 4022 664 4086 carnales.
720 4017 883 4083 carnales
908 4015 992 4080 estis
1091 4043 1093 4048 ·

161 4126 191 4194 3.
237 4125 307 4190 ubi
339 4127 445 4192 enim
478 4126 518 4190 in
546 4126 664 4190 vobis
719 4142 799 4188 eum
822 4121 916 4186 enim
938 4120 1090 4185 sitinter
1106 4137 1170 4182 vos
1189 4121 1286 4184 zelus

97 4231 326 4296 aemulatio
367 4235 407 4295 et
452 4229 664 4294 eontentio
762 4231 797 4292 et
820 4225 1010 4290 eontentio:
1035 4241 1152 4288 nonne

98 4333 489 4414 etdissensiones,
547 4353 664 4399 nenne

202 4474 220 4542 ¹)
241 4474 300 4543 169,
321 4473 353 4526 18
371 4479 435 4524 test.
454 4469 500 4534 Ill,
517 4471 560 4541 69.
597 4489 625 4525 v.
645 4487 750 4541 22-24
768 4467 846 4524 steht
864 4466 938 4522 auch
957 4467 1001 4536 63,
1024 4482 1059 4520 20
1077 4472 1142 4520 test.
1161 4463 1194 4534 ΙΙ,
1215 4481 1237 4520 1.
1257 4493 1291 4504 -·

97 4561 120 4632 ’)
137 4562 197 4634 665,
218 4575 250 4633 15
269 4577 316 4634 ep.
333 4560 379 4626 68,
398 4575 437 4614 re
