3236 5056
298 661 569 751 Cyprianus
960 667 1166 752 Vulgata

150 890 302 966 virtutes
348 891 528 955 caelorum
573 910 725 956 eommo-

152 995 342 1060 rebuntur.
771 1029 773 1036 v

195 1099 247 1166 30.
264 1105 299 1165 et
312 1103 396 1164 tuno
415 1101 641 1182 apparebit
658 1103 724 1184 sig·
777 1101 917 1183 parebit

151 1221 236 1267 num
255 1203 319 1267 filii
337 1203 541 1269 hominisin
565 1207 666 1272 eaelo
690 1213 725 1274 et
779 1273 781 1280 ,
1227 1275 1228 1278 ,

152 1307 483 1374 *lamentabunt
523 1327 571 1376 se
603 1299 724 1376 omnes
780 1309 907 1376 *tuno
995 1312 1166 1395 plangent

150 1411 263 1476 tribus
309 1417 438 1494 terrae,
484 1418 519 1478 et
553 1415 724 1482 videbunt

150 1515 260 1579 filium
288 1516 439 1582 hominis
461 1519 665 1585 venientem
688 1521 723 1585 in

150 1620 301 1686 nubibus
341 1623 433 1687 eaeli
474 1642 555 1688 oum
589 1623 721 1690 virtute

150 1727 302 1807 magna
324 1733 360 1792 et
381 1728 596 1794 claritate.
777 1725 888 1788 multa
975 1726 1162 1798 maiestate

216 1829 269 1896 31.
284 1837 319 1896 et
341 1833 456 1899 mittet
475 1834 620 1917 angelos
640 1851 720 1898 suos

149 1949 232 1997 eum
255 1936 340 1999 tuba
362 1937 524 2019 magna*
545 1941 580 2002 et
603 1936 722 2000 eolli-
779 1931 796 1971 *
820 1937 857 1996 et
880 1951 968 1998 voce
991 1953 1123 2017 magna
1155 1999 1157 2004 .

148 2044 251 2120 gent
270 2041 402 2105 eleetos
421 2041 496 2107 eius
515 2059 537 2106 a
556 2046 723 2125 quattuor
777 2037 1046 2120 congregabunt

149 2142 279 2225 ventis,
311 2161 334 2207 a
367 2145 510 2209 summis
542 2146 723 2211 caelorum

149 2265 263 2330 usque
316 2249 363 2313 ad
425 2249 723 2314 summitates
778 2246 946 2311 terminos

150 2368 284 2416 eorum.
305 2350 332 2437 ²)

216 2473 251 2520 v.
276 2455 307 2522 5.
351 2456 452 2521 multi
496 2458 643 2523 venient
687 2458 722 2522 in
778 2455 870 2520 enim
894 2457 981 2522 fehlt

150 2561 293 2626 nomine
325 2580 403 2627 meo
436 2562 614 2653 dieentes,
657 2581 723 2644 ego

150 2681 229 2728 sum
272 2663 449 2747 Christus,
505 2670 540 2730 et
593 2666 721 2730 multos

151 2766 169 2830 f
177 2765 389 2848 allentl)
777 2769 948 2835 seducent

328 2937 414 3022 (lap.
436 2940 547 3011 XXV.

219 3059 315 3128 v.3l.
340 3059 426 3126 (lum
440 3061 457 3100 ’l
472 3063 613 3127 venerit
632 3063 724 3130 filius
779 3062 796 3101 s
821 3064 939 3130 aufem

152 3165 303 3230 hominis
334 3165 370 3230 in
415 3166 616 3232 claritate
659 3187 724 3234 sua
777 3169 964 3235 maiestate

152 3275 189 3335 et
225 3289 346 3336 omnes
387 3271 506 3353 angeli
548 3289 628 3336 eum
671 3291 723 3356 eo,

152 3381 238 3440 tuno
280 3375 418 3441 sedebit
461 3376 501 3439 in
549 3377 723 3442 throno
776 3394 882 3459 super
904 3377 1024 3441 sedem
1047 3379 1242 3444 maiestatis
1263 3399 1348 3448 suae

153 3480 372 3545 claritatis
395 3498 495 3546 suae

216 3584 268 3652 32.
294 3591 330 3651 et
352 3586 613 3667 colligentur
640 3591 723 3650 ante
777 3587 1089 3669 congregabuntur

154 3707 234 3753 eum
245 3707 365 3753 omnes
386 3693 522 3771 gentes:
535 3693 571 3754 et
588 3708 723 3771 segre·
777 3690 959 3772 separabit

153 3794 272 3877 gabit
320 3795 417 3858 illos
473 3795 514 3859 ab
570 3793 723 3859 invicem
778 3811 838 3858 eos

154 3899 496 3982 quemadmodum
528 3903 650 3982 pastor
674 3918 722 3964 se·
778 3897 869 3961 siout

153 4009 280 4088 gregat
304 4022 389 4070 oves
412 4004 458 4069 ab
481 4003 628 4069 haedis
778 4001 900 4067 hoedis

219 4108 271 4176 33.
318 4109 392 4175 *et
425 4113 557 4174 statuet
588 4125 673 4172 oves
702 4126 725 4172 a
780 4106 963 4188 *quidem

53 4291 55 4294 ¹
154 4213 292 4280 dextra
310 4230 399 4292 sua,
417 4213 551 4278 haedos
569 4214 687 4276 autem
707 4232 725 4275 a
779 4210 913 4274 dextris
936 4211 1007 4290 suis

153 4315 327 4384 sinistra.
779 4313 928 4378 sinistris

260 4574 279 4645 ¹)
298 4590 360 4647 335,
376 4575 394 4630 6
411 4574 449 4630 ad
468 4573 614 4631 Fortunat
635 4590 675 4630 11.
695 4605 726 4614 -
747 4576 767 4642 ¹)
786 4573 899 4647 epistol.
918 4574 969 4645 ⁶33
989 4575 1031 4646 16,
1048 4592 1073 4632 2.
1091 4592 1119 4648 g
1230 4619 1263 4640 ,,-
