3198 5048
433 597 702 685 Cyprianus
1088 601 1299 686 Vulgata

285 738 629 746 —--—--—-—--——-—
649 740 769 746 --—-—---

285 844 366 890 oum
411 827 490 891 otiis
533 832 569 894 et
606 829 857 911 concupiscen-

284 930 352 997 tiis.
369 929 393 1012 1)

484 1120 569 1206 Oap.
595 1122 669 1224 VI.¹

359 1278 394 1330 v.
440 1261 470 1326 1.
537 1261 767 1328 considerans
820 1267 857 1330 te
938 1321 941 1328 .

284 1363 419 1448 ipsum,
464 1385 509 1432 ne
554 1371 590 1431 et
634 1370 672 1431 tu
704 1371 857 1450 temp·
910 1366 1057 1432 tenteris

285 1470 413 1535 teris

351 1608 383 1676 2.
429 1611 520 1676 alter
560 1609 706 1675 alterius
747 1628 856 1676 onera

285 1716 506 1795 sustinete,
543 1721 577 1780 et
621 1715 674 1780 sic
714 1714 858 1798 imple·
909 1720 1049 1797 portate

285 1819 386 1884 bitis
408 1821 523 1903 legem
548 1819 677 1885 Christi
693 1819 722 1905 2)
910 1821 1148 1904 adimplebitis

353 1976 388 2026 v.
411 1956 464 2024 10.
504 1976 588 2041 ergo
612 1959 695 2046 dum
717 1963 856 2044 tempus

285 2061 476 2142 habemus,
513 2080 709 2145 operemur,
738 2065 856 2146 quod
910 2066 1003 2148 quod
1025 2063 1115 2130 fehlt

285 2167 856 2251 bonumest,adomnes‚maxime
910 2173 964 2234 est
986 2168 1074 2234 fehlt

286 2275 406 2336 autem
428 2270 475 2334 ad
499 2271 709 2337 domesticos
732 2273 813 2338 fidei

351 2409 381 2476 9.
405 2410 534 2475 bonum
553 2410 855 2476 autemfacientes

286 2533 355 2578 non
366 2514 581 2596 deficiamus
593 2518 752 2598 tempore
762 2513 855 2578 enim

287 2635 349 2682 suo
371 2621 552 2688 metemus,
567 2616 596 2702 ³)

351 2774 386 2820 v.
412 2756 462 2822 14.
507 2756 593 2822 mihi
616 2760 735 2821 autem
763 2755 856 2820 absit

286 2860 442 2944 gloriari,
459 2861 526 2924 nisi
544 2861 580 2924 in
603 2877 770 2924 crucem
789 2859 856 2924 Do·
910 2879 1018 2927 cruoe

286 2963 372 3028 mini
395 2965 505 3029 nostri
528 2964 550 3028 J
552 2983 613 3030 esu
629 2963 768 3045 Christi,
791 2982 856 3047 per

287 3085 392 3150 quem
403 3067 488 3132 mihi
502 3069 652 3133 mundus
665 3069 856 3134 crucifixus

288 3175 342 3237 est
364 3177 399 3236 et
422 3189 487 3254 ego
510 3172 650 3238 mundo.
670 3169 699 3257 4)

392 3414 413 3484 ¹)
434 3415 493 3486 167,
513 3431 546 3485 13
563 3413 668 3469 testim.
685 3413 731 3480 ΙΙΙ,
741 3415 776 3485 64
787 3415 846 3470 und
864 3416 925 3486 298,
942 3431 975 3469 21
988 3415 1024 3470 de
1036 3415 1112 3470 dom.
1123 3421 1194 3470 orat.
1209 3415 1250 3482 16,
1259 3432 1307 3470 wo
1320 3433 1347 3471 v.
1357 3415 1472 3488 24fehtt,

289 3519 315 3556 v.
336 3517 435 3571 19-21
446 3501 543 3557 lauteri
556 3519 616 3572 439,
636 3519 676 3572 19,
695 3510 767 3557 sent.
779 3502 867 3574 episc.
886 3519 914 3573 5:
934 3501 1088 3556 manifesta
1097 3510 1164 3558 sunt
1182 3501 1260 3557 enirn
1271 3519 1364 3573 opera
1373 3503 1473 3570 carnis,

288 3605 364 3658 quae
373 3596 441 3644 sunt
449 3587 664 3659 fornicationes
674 3588 882 3660 immunditiae,
889 3589 1038 3656 incestum,
1049 3587 1240 3656 idololatriae,
1246 3587 1381 3660 servitus,
1390 3605 1470 3646 vene·

288 3675 362 3746 ficia,
374 3675 552 3744 inimicitiae,
562 3675 732 3746 certamina,
749 3675 838 3741 zelus
856 3677 909 3746 ira,
921 3676 1089 3746 divisiones,
1106 3676 1247 3732 haereses
1265 3675 1349 3732 ethis
1360 3676 1471 3743 similitu

290 3763 327 3817 de
338 3763 442 3834 quibus
452 3763 587 3834 praedixi
597 3763 690 3834 vobiS,
708 3763 782 3818 sicut
792 3763 931 3834 praedico
942 3763 1088 3834 quoniam,
1107 3763 1272 3834 quicunque
1282 3762 1355 3818 haec
1364 3762 1471 3832 faciunt,

288 3867 413 3922 regnum
438 3851 493 3906 Dei
520 3869 578 3906 non
605 3851 836 3908 haereditabunt.
866 3881 897 3889 -
923 3851 1023 3919 ¹)1ao,
1050 3866 1085 3903 ao
1111 3849 1216 3904 testim.
1234 3849 1281 3919 111,
1307 3867 1332 3920 9.
1367 3850 1426 3920 636,
1440 3866 1471 3904 ao

289 3955 334 4010 ep.
353 3954 396 4010 55,
416 3940 449 3993 18
467 3938 527 4009 gibt
545 3939 592 3994 die
609 3938 684 3994 zwei
703 3939 810 3994 Verse:
839 3938 870 3993 ln
889 3936 1133 4007 contemplatione
1157 3937 1299 3993 habentes
1326 3937 1468 4010 unusquis·

287 4041 355 4096 que,
373 4042 411 4079 ne
430 4035 459 4080 et
477 4042 531 4081 vos
549 4024 741 4094 temptemini,
767 4024 939 4080 alterutrum
957 4041 1049 4078 onera
1072 4026 1212 4080 sustinete
1231 4034 1260 4080 et
1278 4025 1325 4080 sies
1337 4025 1467 4096 adimple·

288 4111 355 4166 bitis
382 4112 478 4182 legem
497 4110 613 4166 Christi.
641 4141 674 4150 -
700 4112 720 4178 ⁸)
739 4126 834 4180 393,5
858 4111 895 4165 de
913 4129 960 4183 op.
982 4121 1011 4166 et
1036 4112 1089 4166 ele.
1107 4127 1142 4182 24
1172 4127 1198 4165 u.
1217 4127 1277 4182 407,
1301 4128 1319 4181 3
1346 4111 1468 4166 debono

289 4199 398 4269 patien.
419 4215 460 4269 13,
480 4217 526 4254 wo
545 4200 590 4254 fiir
610 4200 663 4254 das
683 4217 705 4254 1.
724 4207 822 4254 autem
841 4216 914 4254 vero
931 4200 1016 4255 steht.
1035 4229 1069 4238 —
1095 4200 1116 4266 ι)
1137 4215 1194 4268 124,
1213 4215 1229 4268 7
1247 4198 1353 4254 testim.
1373 4197 1416 4268 ΙΙΙ,
1434 4215 1468 4269 11,

290 4288 381 4358 desgl.
402 4305 459 4358 191,
481 4305 512 4357 14
531 4288 568 4342 de
585 4288 649 4342 hab.
668 4287 741 4357 virg.
760 4289 785 4351 6,
814 4287 887 4342 doch
905 4287 983 4341 steht
1000 4285 1046 4340 fiir
1064 4301 1195 4340 crucem:
1220 4301 1306 4340 cruce
1332 4285 1390 4339 und
1408 4292 1467 4340 statt

289 4372 407 4428 Domini
425 4373 529 4429 nostri:
548 4373 665 4430 Domini
687 4373 753 4428 mei.
