3236 5056
295 663 568 752 Cyprianus
961 665 1167 752 Vulgata

217 892 268 958 ll.
303 897 338 956 et
373 893 473 957 multi
513 893 724 976 pseudopro·

150 996 281 1080 phetae
316 1003 523 1080 exurgent
555 1003 590 1063 et
625 999 724 1063 sedu-
778 1001 924 1078 surgent

151 1105 235 1166 oent
257 1101 387 1165 multos

216 1219 268 1286 12.
293 1225 328 1285 et
351 1239 401 1287 eo
425 1221 531 1304 quod
559 1221 722 1286 facinus
778 1227 813 1286 et
836 1221 1001 1304 quoniam
1029 1223 1228 1287 abundavit
1263 1221 1325 1287 ini-

149 1326 349 1408 abundet,
394 1325 605 1408 refrigescet
635 1327 722 1391 oari-
821 1327 947 1410 quitaS,

149 1435 205 1494 tas
228 1431 425 1497 multorum.

216 1551 267 1616 13.
312 1552 379 1634 quui.
412 1557 530 1617 autem
567 1552 722 1617 tolera·
776 1552 1065 1635 perseveraverit

149 1655 395 1737 veritusque
433 1656 487 1720 ad
515 1656 631 1739 finem,
663 1657 722 1722 hio
777 1658 813 1722 in

148 1760 271 1825 salvus
295 1761 372 1829 erit.

214 1881 721 1965 14.etpraedioabitur*evan-
777 1883 794 1922 *¹
818 1884 886 1948 hoo

147 1987 277 2069 galium
299 1986 410 2050 istud
434 1987 536 2069 regni
558 2005 634 2070 per
659 1990 721 2051 to·
775 1987 868 2052 istud
882 1988 971 2053 fehlt
1025 1989 1061 2052 in
1077 1988 1244 2053 universo
1261 1987 1346 2052 orbe

147 2101 231 2156 tum
248 2092 388 2157 orbem
411 2096 554 2157 terrae
576 2089 611 2157 in
626 2091 720 2156 testi-

147 2195 303 2258 monium
326 2194 486 2260 omuibus
502 2196 665 2277 gentibus
685 2201 721 2261 et

146 2303 234 2362 tuno
257 2299 378 2364 veniet
400 2300 528 2366 finis.
721 2348 723 2352 -
775 2300 1030 2366 consummatio

215 2420 265 2486 15.
277 2437 358 2484 oum
369 2437 453 2503 ergo
466 2421 626 2486 videritis
638 2422 720 2486 abo·
785 2471 788 2480 .

146 2526 376 2591 minationem
407 2525 719 2607 vastationis,
774 2525 1001 2590 desolationis

147 2631 720 2715 quaedietaestperDanielem
774 2648 796 2694 a
819 2629 968 2694 Daniele
992 2635 1059 2694 ete.

146 2735 366 2819 prophetam,
399 2739 552 2800 stantem
575 2736 611 2799 in
640 2737 718 2800 loeo

147 2837 715 2922 saneto-quilegit,intelligat-

210 2958 261 3025 16.
272 2963 356 3023 tunc
366 2959 617 3041 quiinJudaea
626 2965 717 3042 sunt,

148 3064 287 3146 fugiant
309 3063 353 3126 in
375 3068 523 3144 montes,
773 3063 818 3126 ad
931 3089 933 3099 ·

215 3163 265 3232 17.
279 3171 314 3231 et
330 3167 390 3250 qui
402 3167 438 3231 in
450 3172 544 3234 teoto
558 3172 631 3250 est,
647 3188 718 3234 non
772 3173 825 3233 est
848 3167 936 3258 fehlt

148 3272 343 3338 descendat
355 3273 717 3356 tollerequidquam
771 3271 904 3354 aliquid

148 3376 193 3441 de
216 3375 350 3440 domo*
770 3377 787 3412 *
810 3393 874 3440 sua
941 3417 943 3424 ι

214 3499 264 3568 18,
278 3505 313 3564 et
332 3499 437 3582 quiin
450 3515 536 3582 agro
558 3502 631 3578 est,
647 3517 716 3563 non
772 3502 825 3562 est
847 3495 935 3561 fehlt

148 3608 426 3669 eonvertatur
481 3609 595 3667 retro
641 3622 717 3667 au-
771 3605 972 3667 revertatur
995 3599 1120 3662 tollere
1144 3596 1303 3660 tunicam

148 3709 717 3773 ferrovestimeutumsuum.
815 3723 914 3770 suam

214 3813 264 3880 19.
298 3831 366 3877 vae
387 3817 506 3878 autem
526 3829 718 3894 praegran-

148 3917 240 3981 tibus
268 3922 304 3980 et
336 3916 660 3981 nutricantibus
682 3917 718 3981 in
772 3911 1006 3980 nutrientibus

147 4023 215 4086 illis
237 4021 368 4086 diebus,

212 4141 457 4208 Quadorum
481 4162 530 4208 ne
552 4144 614 4207 fiat
632 4143 717 4226 fuga
772 4146 871 4206 orate
895 4143 1023 4217 autem,
1046 4139 1177 4199 utnon

147 4247 316 4313 vestra*
380 4248 495 4312 hieme
561 4265 717 4330 neque
773 4247 850 4310 *in
938 4242 998 4308 vel

147 4355 307 4420 sabbato.

191 4459 718 4541 21.eritenimtuncpressura
771 4453 950 4521 tribulatio

148 4583 288 4649 magna,
302 4565 416 4648 qualis
431 4583 500 4627 non
516 4567 580 4628 est
599 4562 717 4628 faeta
771 4561 837 4626 fuit
