3236 5056
290 621 562 708 Cyprianus
954 619 1161 703 Vulgata

143 849 344 932 contigit,
382 853 420 913 ut
458 849 581 914 veniat
604 853 718 912 mater
771 849 860 914 fehlt

142 953 288 1018 Domini
310 953 380 1018 mei
403 952 449 1016 ad
472 949 557 1017 me?
572 951 596 1032 ¹)

210 1075 245 1121 v.
261 1057 313 1124 67.
347 1061 382 1122 et
396 1057 620 1121 Zacharias*
646 1057 715 1120 im·
770 1058 914 1140 *pater
938 1057 1012 1122 eius

141 1163 288 1244 pletus
307 1167 361 1227 est
383 1161 513 1244 Spiritu
538 1167 662 1226 saneto
682 1166 717 1226 et
770 1163 926 1245 repletus

141 1265 419 1349 prophetabat
442 1266 585 1332 dicens:
771 1249 1001 1349 prophetavit

215 1388 250 1433 v.
266 1369 317 1440 88.
358 1370 598 1436 benedictus*
622 1369 718 1434 Deus
770 1371 981 1436 *Dominus

141 1474 269 1553 lsrael,
302 1476 374 1557 qui
404 1475 531 1540 *feeit
558 1475 717 1558 redemp-
770 1475 853 1558 quia
919 1475 1122 1541 *visitavit
1144 1480 1180 1541 et
1202 1476 1225 1540 f.

142 1578 279 1643 tionem
302 1579 456 1662 populo
479 1599 552 1646 suo
770 1579 883 1662 plebis
905 1598 991 1644 suae

210 1701 244 1746 v.
257 1681 309 1749 69.
329 1683 716 1748 etsusoitavitnobis
770 1685 884 1750 erexit
907 1702 1017 1749 cornu
1040 1703 1066 1748 s.
1091 1685 1192 1748 nobis

142 1803 257 1850 cornu
280 1787 403 1851 salutis
423 1787 458 1850 in
475 1787 578 1852 domo
598 1786 716 1850 David

141 1891 247 1973 pueri
271 1892 334 1956 sui.
349 1890 379 1976 2)

354 1993 440 2079 Cap.
462 1995 507 2061 ΙΙ.

210 2117 245 2164 v.
264 2099 315 2166 10.
349 2099 531 2182 angelus
550 2098 600 2162 ad
623 2115 715 2180 pas·
770 2104 805 2165 et
828 2099 917 2164 dixit
939 2099 1008 2163 illis
1037 2100 1199 2181 angelus:
1231 2099 1340 2164 nolite

141 2209 273 2272 tores:
292 2204 349 2269 Ne
364 2202 606 2269 timueritis
630 2221 715 2267 eeoe
812 2203 947 2268 timere.

147 2307 243 2372 enim
267 2308 470 2374 adnuntio
494 2307 627 2372 vobis*
770 2308 988 2390 evangelizo,
1033 2308 1229 2392 *gaudium
1246 2327 1337 2390 mag-

812 2431 906 2494 num,
922 2414 1014 2496 quod
1025 2414 1092 2478 erit
1103 2413 1198 2477 omni
1208 2414 1337 2497 populo

208 2532 243 2579 v,
273 2516 319 2580 11.
366 2517 566 2598 quoniam
611 2523 715 2582 natus
769 2517 870 2600 quia

147 2624 201 2684 est
217 2619 319 2684 vobis
338 2620 442 2687 hodie
465 2624 634 2702 salvator,
657 2624 716 2704 qui

146 2727 201 2788 est
221 2721 513 2789 ChristusJesus
530 2726 558 2806 ²⁸,
582 2727 715 2791 11111111-
771 2726 787 2765 *
812 2727 996 2807 Dominus;
1020 2726 1123 2791 lesus
1146 2727 1234 2792 fehlt

147 2832 223 2892 tate
249 2827 378 2893 David.
392 2826 416 2910 ³)

209 2949 246 2996 v,
265 2929 317 2997 29.
359 2949 454 2996 nune
476 2933 622 2998 dimittis
645 2952 714 2998 ser-

141 3055 226 3100 vum
243 3041 340 3100 tuum
355 3035 503 3102 Domine
522 3039 714 3103 seeundum

144 3139 294 3204 verbum
318 3146 415 3205 tuum
439 3141 474 3204 in
498 3159 598 3224 paee,

209 3261 241 3307 v.
256 3243 308 3310 30.
337 3246 419 3328 quia
437 3245 604 3310 viderunt
622 3247 713 3310 oculi

143 3347 213 3411 mei
236 3347 392 3412 salutare
416 3355 523 3414 tuum.
541 3349 566 3428 ⁴)

207 3471 241 3516 u.
266 3454 317 3519 al.
361 3473 430 3518 non
475 3457 714 3522 recedebat
769 3454 974 3519 discedebat

142 3557 186 3622 de
218 3559 349 3640 templo
384 3559 521 3624 ieiuniis
555 3565 590 3626 et
624 3581 713 3627 ora·
769 3557 1070 3624 obsecrationibus

142 3663 355 3729 tionibus
405 3662 564 3730 serviens
609 3673 713 3733 noete

142 3785 187 3832 ae
211 3768 279 3833 dio.
295 3767 319 3849 ⁵)

341 3871 426 3956 Cap.
450 3873 509 3938 VI.

206 3994 240 4042 v.
269 3974 317 4040 12.
362 3976 448 4041 exiit
485 3977 521 4041 in
558 3984 712 4044 montem

142 4095 255 4160 orare,
290 4083 325 4143 et
348 4079 425 4143 fuit
447 4086 657 4164 pernoctans
676 4083 712 4147 in
766 4084 843 4143 erat

141 4182 301 4247 oratione
324 4183 400 4250 Dei.
421 4183 446 4264 6)

246 4321 266 4389 ¹)
285 4338 327 4392 73,
344 4323 363 4376 8
381 4320 486 4376 testim.
505 4322 539 4391 ll,
557 4323 582 4377 8
605 4351 639 4360 -
663 4323 685 4392 ¹)
703 4339 747 4395 72,
767 4324 799 4378 18
817 4322 922 4377 testim.
945 4320 981 4388 ll,
999 4339 1024 4393 7.
1041 4351 1075 4362 —
1094 4322 1114 4389 ³)
1133 4337 1176 4392 73,
1197 4339 1209 4376 1
1229 4322 1336 4377 testim.

142 4405 175 4476 ΙΙ,
194 4425 218 4478 7.
245 4437 280 4448 -
310 4411 331 4479 ⁴)
350 4409 455 4465 testim.
474 4409 518 4466 Ill.
538 4411 581 4480 58,
601 4412 659 4481 160,
673 4427 691 4464 2
710 4410 848 4481 quoniam
870 4409 916 4465 mr
940 4410 1009 4480 quia
1035 4410 1100 4465 liest
1119 4411 1156 4465 de
1175 4410 1287 4466 mortal.
1306 4427 1337 4480 35

142 4511 202 4566 299,
221 4511 288 4552 2.-
300 4499 320 4566 ⁸)
340 4498 377 4552 de
396 4497 504 4552 domin.
523 4506 594 4553 orat.
606 4500 653 4568 3⁶5
671 4515 732 4570 294,
750 4515 818 4553 2.-
830 4500 850 4568 ⁸)
860 4517 920 4570 499.
938 4500 957 4555 8
975 4499 1059 4571 epist.
1072 4517 1112 4569 11,
1130 4516 1159 4571 53
1180 4500 1217 4554 de
1227 4497 1336 4554 domin.

143 4591 216 4638 orat.
227 4599 271 4654 29,
284 4601 306 4639 1.
317 4602 345 4656 p.
357 4587 417 4656 288,
429 4587 469 4656 18,
488 4585 560 4640 aber
569 4584 614 4640 lllr
626 4585 696 4642 exiit
705 4585 783 4641 steht
791 4585 891 4655 exivit,
904 4604 930 4642 u.
943 4585 988 4641 fur
998 4585 1145 4642 oratione:
1164 4585 1335 4641 orationem.
