3236 5056
689 393 731 462 63

254 691 525 780 Cyprianus
917 689 1123 774 Vulgata

107 839 266 848 ——....-.

107 919 192 1000 illi,
216 920 245 983 si
260 921 359 984 ouius
373 920 567 1003 tenueritis,
586 925 681 986 tene·
736 919 962 1001 retinueritis,
986 922 1127 983 retenta
1150 921 1240 983 sunt.

106 1023 251 1086 buntur.
270 1023 297 1109 ¹)

175 1125 272 1192 v.2i.
297 1127 413 1191 Inioe
436 1127 506 1192 hue
529 1128 680 1210 digitum
736 1128 827 1192 infer
850 1127 882 1194 d.
908 1132 931 1194 t.
956 1127 1026 1190 huo

107 1235 218 1310 tuum,
241 1235 278 1294 et
300 1230 383 1294 vide
406 1249 531 1295 manus
554 1232 681 1297 meas*
738 1232 754 1268 ’¹‘
779 1237 815 1296 et
846 1231 933 1295 affer
963 1248 1107 1295 manum
1140 1234 1238 1293 tuam
1270 1234 1305 1294 ot

109 1339 146 1399 et
169 1335 240 1398 noli
264 1353 340 1400 esse
364 1335 582 1419 incredulus,
620 1338 682 1402 sed
779 1335 878 1400 mitte
901 1335 937 1398 in
959 1337 1053 1400 latus
1074 1353 1191 1400 meum

109 1440 236 1505 fidelis.

176 1545 229 1612 28.
259 1549 302 1611 et
324 1545 507 1628 respondit
529 1545 682 1609 Thomas
738 1547 773 1608 et
795 1543 883 1608 fehlt

110 1657 147 1716 et
170 1649 259 1716 dixit
281 1651 360 1718 illi:
381 1651 552 1714 Dominus
585 1667 683 1714 meus
739 1647 771 1710 ei

110 1761 146 1820 et
169 1754 262 1822 Deus
284 1773 393 1820 meus,

176 1859 237 1929 28.
253 1861 361 1925 dieii
384 1860 451 1924 illi
466 1859 585 1928 Jesus:
600 1858 683 1940 quia
738 1856 827 1920 dixit
850 1856 882 1921 ei

108 1964 263 2045 vidistit,
281 1963 479 2030 credidisti:
497 1965 603 2045 beati,
624 1962 683 2046 qui
737 1962 753 1998 a
776 1980 843 2040 me,
867 1960 1012 2042 Thema,

109 2088 182 2134 non
205 2069 371 2134 viderunt
395 2072 430 2133 et
453 2065 683 2152 eredunt.2)
738 2066 964 2132 erediderunt

293 2223 378 2308 Cap.
402 2225 500 2288 XXI.

177 2348 212 2394 v.
236 2329 283 2395 15.
322 2329 438 2412 diligis
461 2328 544 2393 me?
570 2329 684 2393 *res-
740 2327 756 2362 ’²‘
779 2325 858 2409 plus
880 2325 962 2390 his?

110 2434 281 2517 pondit:
303 2433 422 2515 diligo.
445 2433 495 2496 ait
509 2433 554 2497 ei:
575 2449 684 2516 pasce
739 2430 824 2495 dieit
834 2431 877 2496 ei:
892 2431 1009 2512 etiam,
1021 2431 1171 2495 Domine
1183 2431 1307 2510 tuseiS,

111 2559 132 2602 o
143 2555 225 2602 ves
247 2554 357 2603 meas.
372 2536 401 2622 ³)
782 2533 865 2617 quia
878 2552 957 2598 amo
973 2539 1019 2599 te.
1045 2534 1187 2604 dieitei:
1200 2551 1309 2618 pasce

782 2657 893 2721 agnos
917 2657 1023 2703 meos.

477 2831 604 2920 licius
636 2830 950 2936 Apostolorum.

331 2988 416 3072 (lap.
440 2989 467 3054 I.
588 2992 590 2997 ’

180 3113 214 3165 v,
239 3094 275 3162 7.
314 3113 417 3158 nemo
455 3098 571 3176 potest
606 3112 685 3176 eug·
738 3111 808 3156 non
832 3095 885 3156 est
907 3095 1076 3172 vestrum,
1100 3109 1202 3156 nosse
1225 3095 1311 3156 tem-

113 3218 263 3266 nosoere
285 3204 424 3282 tempus
439 3203 500 3264 aut
514 3204 686 3282 tempora,
781 3215 869 3279 pora
897 3196 956 3260 vel
992 3200 1180 3278 momenta,
1219 3214 1311 3278 quae

114 3325 208 3390 quae
253 3311 356 3390 pater
400 3305 516 3388 posuit
551 3304 587 3368 in
621 3321 686 3368 sua
781 3299 889 3366 Pater
931 3302 1047 3384 posuit
1084 3301 1121 3365 in
1157 3319 1221 3366 sua
1253 3319 1311 3384 po·

113 3415 301 3495 potestate.
322 3409 351 3495 4)
783 3407 921 3469 testate.

180 3533 214 3580 v.
236 3514 286 3578 14.
320 3517 355 3578 et
378 3517 480 3577 erant
503 3529 686 3595 persever·
740 3509 776 3572 hi
795 3528 915 3574 omues
934 3513 1036 3575 erant
1048 3528 1082 3593 p.
1097 3508 1311 3573 unanimiter

114 3625 217 3684 antes
262 3637 383 3683 omnes
426 3617 611 3683 unanimes
650 3617 685 3680 in
783 3615 819 3678 in
840 3619 929 3682 orat.

116 3723 276 3788 oratione
309 3739 390 3786 oum
425 3721 629 3786 mulieribus
653 3727 687 3786 et

115 3825 239 3906 Maria,
263 3844 368 3908 quae
391 3825 532 3890 fuerat
554 3809 687 3890 mater
741 3826 827 3887 statt
850 3822 990 3888 dessen:
1014 3825 1128 3886 matre
1152 3820 1238 3886 Jesu

115 3932 136 3996 J
143 3949 228 4010 esu,
252 3935 287 3994 ei
309 3929 476 3992 fratribus
500 3927 583 3996 eius.
603 3927 631 4014 ⁵)
713 3971 716 3998 .

221 4070 241 4136 ¹)
259 4083 321 4136 212,
340 4081 372 4136 15
383 4066 420 4119 de
439 4065 514 4120 cath.
534 4066 603 4120 eccl.
622 4064 678 4120 uni.
695 4084 721 4136 4,
739 4064 849 4120 ebenso
859 4081 919 4136 759,
940 4083 972 4136 14
991 4082 1037 4133 ep.
1051 4065 1095 4134 69,
1118 4080 1158 4131 11,
1178 4081 1225 4118 wo
1238 4062 1310 4118 aber

116 4156 192 4212 nach
211 4153 292 4209 mitto
311 4169 365 4207 vos
383 4151 427 4206 bis
454 4152 577 4223 accipite
596 4153 649 4208 der
667 4152 885 4208 Zwischensatz
903 4153 993 4208 steht:
1012 4153 1066 4207 hoc
1092 4167 1158 4206 cum
1176 4149 1311 4217 dixisset,

116 4239 275 4300 insufflavit
292 4248 321 4294 et
339 4239 380 4293 ait
396 4238 460 4293 illis.
494 4240 594 4312 Desgl.
605 4242 665 4311 783,
685 4241 718 4296 18
736 4258 782 4311 ep.
801 4257 844 4311 73,
863 4257 888 4311 7,
907 4257 954 4295 wo
972 4249 1041 4295 statt
1058 4236 1216 4294 insufflavit
1234 4236 1312 4291 steht

117 4327 280 4402 inspiravit,
306 4325 528 4402 wtthrend821,
555 4345 573 4381 2
591 4345 638 4399 ep.
656 4344 699 4399 75,
719 4327 936 4392 16pdieste11e
962 4327 1014 4382 mit
1037 4326 1159 4398 accipite
1178 4326 1312 4398 spiritum

116 4417 246 4486 ansaugt
270 4443 304 4454 —
331 4416 352 4484 ²)
371 4431 413 4486 70,
431 4431 449 4484 9
466 4415 572 4471 testim.
592 4416 625 4484 il,
643 4416 668 4470 6.
693 4446 727 4454 -
754 4418 773 4483 ¹)
793 4416 853 4486 486,
874 4432 905 4486 17
925 4433 971 4486 ep.
989 4417 1015 4484 8,
1037 4433 1058 4470 1.
1088 4445 1123 4454 -
1150 4414 1171 4484 ⁴)
1193 4430 1250 4486 175,
1280 4431 1311 4468 11

116 4505 223 4562 testim.
242 4501 289 4573 lll,
306 4503 348 4572 89.
367 4533 401 4543 -
422 4502 444 4572 ⁸)
463 4519 524 4574 232,
541 4503 560 4558 6
577 4505 614 4558 de
633 4505 735 4560 eccles,
755 4503 859 4560 cathol.
879 4521 925 4559 un.
943 4520 978 4574 25
996 4521 1023 4558 u.
1042 4520 1103 4575 271,
1126 4519 1160 4572 24
1179 4503 1216 4557 de
1235 4502 1312 4557 dom.

117 4592 237 4651 oratii.
