3198 5048
278 1080 507 1161 stringeris
529 1081 645 1163 plagis
668 1081 752 1146 eius.
769 1080 792 1161 ¹)

344 1219 379 1268 v.
391 1201 422 1264 4.
456 1205 491 1265 et
514 1201 635 1265 audivi
658 1202 765 1266 aliam
789 1219 847 1266 vo-

278 1412 322 1476 de
360 1429 424 1493 ea,
463 1412 613 1494 populus
652 1427 760 1490 meua
794 1428 848 1474 ue
902 1410 965 1473 illa
1052 1414 1090 1474 ut
1111 1427 1157 1475 ne

276 1515 457 1597 particeps
479 1514 526 1578 sis
541 1514 747 1579 delictorum
764 1515 848 1597 elue,
902 1514 1094 1598 participes
1116 1515 1191 1580 sitis

278 1623 313 1685 et
347 1637 397 1684 ne
430 1619 698 1702 perstringaris
732 1619 848 1702 plagis
903 1623 938 1683 et
969 1620 1013 1684 de
1043 1619 1159 1702 plagis
1191 1620 1241 1685 eis
1277 1637 1347 1684 non
1379 1617 1469 1682 aeci·

278 1724 391 1788 eius.
944 1724 1051 1806 piatis

342 1845 371 1910 5.
396 1845 561 1928 quoniam
585 1845 846 1910 delictaeius
900 1851 1140 1928 pervenerunt
1162 1853 1314 1930 peccata
1337 1843 1411 1909 eius

276 1968 387 2032 usque
421 1950 468 2014 ad
503 1950 641 2014 caelum
669 1967 846 2032 perven-

278 2057 406 2135 erunt,
425 2058 461 2119 et
482 2054 846 2119 meminitDomiuus
900 2057 1107 2122 recordatus
1131 2061 1184 2122 est

277 2158 387 2222 Deus
409 2158 666 2240 iniquitates
690 2160 788 2224 eius.
900 2158 1097 2224 Deusfehlt
1147 2155 1467 2242 iniquitatumeius,
1589 2139 1590 2226 l

341 2277 370 2346 6.
394 2279 473 2344 ideo
496 2279 650 2344 reddet
672 2280 705 2344 ei
728 2281 845 2363 dupla,
899 2283 1037 2347 reddite
1060 2282 1111 2346 illi
1140 2282 1231 2346 siout
1258 2284 1293 2344 et
1315 2279 1393 2362 ipsa
1415 2295 1469 2342 re·

277 2387 312 2446 et
347 2383 383 2446 iu
417 2401 485 2465 quo
525 2383 651 2465 poculo
695 2385 844 2468 miscuit,
942 2386 1028 2450 didit
1044 2386 1154 2466 vobiS,
1173 2391 1208 2450 et
1222 2381 1468 2468 duplicatedu-

276 2489 420 2571 duplum
443 2489 632 2554 remixtum
655 2494 708 2554 est
732 2489 773 2555 ei.
941 2491 1049 2574 plicia
1059 2490 1250 2556 seeundum
1263 2504 1371 2573 opera
1384 2486 1467 2565 eius,

942 2595 978 2660 in
993 2597 1131 2679 poculo,
1145 2613 1213 2678 quo
1226 2593 1376 2674 miscuit,
1391 2591 1469 2656 mis-

942 2706 1020 2766 cete
1044 2702 1198 2784 duplum.

341 2819 371 2886 7.
396 2824 431 2884 et
448 2819 485 2883 in
500 2822 670 2900 quantum
686 2836 724 2882 se
743 2817 845 2882 olari·
899 2826 1068 2905 quantum
1086 2819 1299 2904 glorificabit
1316 2837 1355 2884 se
1374 2823 1408 2886 et
1431 2819 1467 2882 in

276 2925 399 2989 ficavit
422 2929 457 2988 et
481 2921 688 2986 deliciarum
711 2923 844 3004 habuit,
942 2925 1077 2990 deliciis
1107 2925 1182 3007 fuit,
1213 2929 1351 2990 tantum
1385 2923 1468 2987 date

275 3030 311 3092 in
334 3033 472 3092 tantum
495 3025 636 3092 dabitur
659 3026 692 3092 ei
710 3027 841 3091 crucia·
941 3031 992 3094 illi
1014 3036 1227 3096 tormentum
1259 3033 1294 3094 et
1325 3029 1468 3108 luctum,

275 3137 330 3197 tus
371 3135 406 3196 et
441 3132 566 3195 luctus.
612 3130 777 3215 quoniam
808 3133 843 3196 in
942 3135 1025 3218 quia
1056 3135 1092 3198 in
1129 3135 1236 3200 eorde
1270 3151 1331 3198 suo
1368 3131 1468 3199 dicit:

275 3237 383 3302 corde
405 3254 467 3301 suo
482 3236 586 3303 dicit:
611 3237 734 3320 regina
756 3254 843 3318 sum,
941 3239 1046 3304 sedeo
1068 3238 1203 3322 regina,
1226 3241 1261 3303 et
1277 3235 1470 3300 viduanon

276 3348 311 3406 et
333 3341 442 3406 vidua
465 3358 535 3405 non
559 3359 645 3422 sum,
683 3358 750 3404 nec
772 3341 843 3406 luc·
940 3361 1027 3424 sum,
1042 3346 1077 3408 et
1091 3343 1225 3408 luctum
1244 3359 1313 3405 non
1328 3339 1469 3407 videbo.

274 3453 348 3512 tum
371 3446 493 3512 visura
516 3464 602 3512 sum.

338 3568 369 3635 8.
394 3573 620 3651 propterea
639 3584 721 3631 una
739 3566 843 3632 hora
896 3569 975 3634 ideo
998 3569 1034 3632 in
1056 3587 1127 3633 una
1151 3568 1208 3632 die
1227 3565 1371 3631 venient
1393 3566 1469 3649 pla-

274 3675 427 3757 plagae
472 3673 560 3738 eius
593 3671 843 3752 advenient,
939 3691 1007 3756 gae
1030 3673 1114 3754 eiua,
1138 3689 1232 3736 mors
1255 3673 1291 3734 et

273 3797 386 3860 mors,
420 3779 535 3843 luctus
571 3782 606 3842 et
640 3779 773 3858 tamea,
808 3783 844 3843 et

274 3884 362 3966 igni
385 3880 656 3960 cremabitur,
680 3881 842 3963 quiaior-
896 3881 978 3963 igne
1001 3879 1226 3945 comburetur

274 3989 318 4052 tis
341 3987 358 4026 ’¹‘
383 3986 586 4051 Dominus
623 3985 738 4068 Deus,
784 3987 843 4069 qui
898 3986 993 4049 *est
1080 3983 1250 4048 Dominus
1273 3982 1361 4047 fehlt

274 4110 370 4156 earn
393 4091 572 4156 iudicabit.
896 4091 994 4155 illam
1016 4089 1110 4154 uach
1132 4089 1201 4154 iud.

337 4213 368 4281 9.
401 4219 436 4279 et
459 4215 592 4280 flebunt
615 4219 650 4280 et
672 4213 843 4297 plangent

273 4341 311 4388 se
344 4321 389 4385 in
421 4339 473 4386 ea
495 4337 598 4402 reges
622 4327 748 4402 terrae,
783 4318 842 4402 qui
897 4333 1002 4400 super
1025 4315 1123 4379 illam

376 4566 396 4634 ¹)
415 4581 476 4636 244,
493 4564 511 4619 6
528 4563 566 4619 de
584 4561 641 4632 lap.
662 4577 704 4616 ro.
