3236 5056
445 677 717 764 Cyprianus

305 905 386 969 vitis
420 924 529 989 usque
564 907 599 971 in
635 906 726 971 dtem
765 906 873 988 illum,

303 1027 381 1090 quo
405 1010 621 1075 vobiscum
643 1010 784 1076 bibam
815 1031 873 1076 110-

303 1131 387 1178 vum
411 1113 446 1177 in
469 1132 579 1196 regno
603 1115 715 1199 patris
737 1115 817 1180 mei.
833 1115 861 1202 ¹)

368 1234 471 1302 v.39.
517 1235 634 1316 Pater,
670 1235 742 1300 *si
774 1237 873 1302 fieri

302 1344 454 1424 potest,
478 1346 637 1406 transeat
661 1359 683 1404 a
702 1359 758 1405 me
777 1343 873 1406 calix

303 1446 380 1525 iste,
395 1463 520 1510 verum
538 1450 658 1511 tamen
676 1464 746 1510 non
765 1445 872 1528 quod

303 1569 368 1632 ego
392 1551 484 1629 volo,
507 1549 570 1614 sed
593 1549 702 1632 quod
726 1554 773 1617 tu.
789 1549 814 1632 2)

367 1689 401 1736 V.
414 1672 466 1738 41.
482 1671 629 1755 vigilate
644 1677 679 1736 et
694 1678 803 1754 orate,
823 1693 873 1738 ne

310 1775 493 1840 veniatis
520 1776 556 1840 in
590 1778 872 1865 temptationem

302 1880 445 1963 spiritus
458 1881 599 1963 quidem
611 1888 793 1965 promptus
810 1887 873 1966 est,

303 2002 388 2049 earo
407 1991 526 2050 autem
549 1986 698 2052 infirma.
716 1986 740 2068 3)

460 2156 545 2241 cap.
569 2159 718 2225 xxvii.

367 2300 401 2346 v.
422 2281 451 2348 3.
497 2281 608 2347 Judas
652 2282 872 2366 paenitentia

303 2385 470 2451 ductus*
538 2387 803 2452 sacerdotibus·
837 2393 872 2452 et

302 2491 497 2555 senioribus
520 2490 626 2557 dixit:

366 2697 397 2764 4.
421 2698 572 2782 peceavi
587 2698 732 2764 tradens
746 2717 872 2783 sangu-

302 2803 396 2868 inem
419 2803 556 2868 iustum.
574 2803 599 2881 4)

368 2943 401 2988 v.
416 2923 469 2989 45.
493 2942 515 2988 a
533 2927 636 2988 sexta
652 2929 771 2990 autem
784 2925 872 2990 hora

301 3028 471 3093 tenebrae
511 3028 629 3092 factae
671 3033 752 3094 sunt
787 3048 873 3112 per

301 3136 430 3196 totam
475 3137 633 3196 terram
674 3133 869 3221 usquein

302 3237 426 3301 horam
449 3253 589 3301 nonam.
609 3235 633 3318 ⁵)

449 3411 532 3497 Cap.
556 3409 723 3475 XXVIII.

365 3552 398 3600 v.
419 3533 469 3600 18.
503 3533 598 3599 Data
618 3537 671 3599 est
689 3532 775 3598 mihi
799 3552 871 3598 om-

298 3637 352 3702 nis
386 3641 543 3720 potestas
576 3638 612 3702 in
647 3638 748 3703 eaelo
777 3643 812 3703 et
835 3639 871 3716 in

300 3747 416 3824 terra;

364 3865 416 3932 19.
450 3865 509 3930 ite
533 3882 632 3948 ergo
656 3869 697 3930 et
720 3863 870 3932 docete

298 3987 419 4034 omnes
468 3973 592 4051 gentes
646 3968 870 4053 baptizantes

297 4092 357 4138 eos
389 4073 425 4137 in
448 4073 589 4138 nomine
612 4074 725 4155 patris
750 4081 785 4140 et
808 4076 870 4140 filii

299 4181 335 4243 et
358 4177 500 4262 spiritus
523 4177 648 4260 sancti,

1110 677 1316 760 Vulgata

927 1025 1007 1072 eum
1032 1011 1117 1074 illud
1141 1010 1260 1074 bibam
1283 1010 1465 1074 vobiscum

926 1235 943 1271 '¹‘
965 1236 1022 1316 mi,
1047 1236 1076 1299 si
1098 1235 1265 1319 possibile
1288 1241 1342 1300 est

926 1443 1018 1508 sicut

926 1545 1017 1610 siout

926 1775 964 1835 ut
986 1790 1057 1835 non
1079 1771 1217 1836 intretis

926 2379 1085 2444 *retulit
1125 2379 1270 2461 triginta
1310 2386 1496 2463 argenteos

937 2539 940 2545 .
968 2483 1187 2566 principibus
1211 2483 1436 2549 sacerdotum
1461 2492 1496 2550 et

968 2588 1151 2652 senoribus
1173 2587 1310 2654 dicens:

926 3036 1031 3101 super
1054 3018 1258 3112 universam

926 3123 972 3186 ad

926 3872 1050 3932 euntes
1073 3886 1157 3951 ergo
1186 3867 1302 3933 doicte

404 4423 424 4490 1)
452 4422 512 4492 708,
534 4438 559 4492 2,
583 4421 668 4492 epist.
686 4423 731 4491 63,
748 4439 772 4492 9.
801 4453 835 4463 -
862 4424 962 4492 ²)133,
991 4422 1023 4476 16
1041 4422 1147 4478 testim.
1167 4422 1213 4492 111,
1242 4441 1275 4494 19
1307 4440 1332 4478 u.
1357 4422 1394 4476 de
1421 4434 1492 4478 orat.

299 4509 406 4564 domin.
428 4527 468 4579 14,
486 4526 504 4579 3
510 4526 518 4576 ;
535 4525 596 4580 277,
613 4525 631 4578 3
648 4509 841 4564 schliessend:
862 4511 939 4582 quod
957 4519 987 4564 tu
1008 4510 1066 4564 vis.
1082 4513 1143 4572 Δ)
1162 4510 1201 4564 de
1213 4510 1290 4564 dom.
1310 4520 1382 4564 orat.
1401 4511 1445 4578 2⁶,
1462 4525 1492 4578 35

299 4613 364 4667 pag.
383 4597 444 4665 286,
462 4597 503 4650 26.
524 4626 557 4636 -
575 4598 596 4663 ⁴)
614 4597 659 4666 80,
677 4615 694 4666 4
712 4596 819 4652 testim.
841 4596 872 4664 ΙΙ,
893 4613 933 4668 14.
953 4627 980 4636 ·-
1006 4601 1027 4665 ‘J
1046 4615 1091 4668 91,
1109 4615 1127 4668 9
1146 4597 1252 4654 testim.
1271 4597 1304 4668 ΙΙ,
1322 4613 1365 4667 23·
