3236 5056
427 622 697 722 Cyprianus

283 773 631 781 ——————--—-———-—
642 771 741 778 ----

284 956 355 1020 sed
377 973 493 1037 neque
515 955 593 1021 fiet:

343 1059 397 1127 22.
420 1065 455 1124 et
465 1058 532 1122 nisi
544 1057 698 1123 breviati
707 1057 855 1122 fuissent

285 1377 428 1438 autem
478 1370 736 1437 breviabuntur
790 1367 856 1432 illi
909 1379 1028 1438 autern
1051 1375 1139 1440 fehlt
1226 1375 1301 1440 dies
1324 1373 1375 1440 illi

286 1478 385 1544 dieu.
1376 1475 1378 1484 “
1466 1477 1468 1484 ’

351 1578 856 1670 2311111001011111111011110-
910 1581 986 1665 quis
1009 1583 1294 1648 vohis‘dixerlt
1394 1568 1400 1586 ‘

287 1687 364 1768 bie,
389 1705 473 1752 ecce
496 1685 589 1751 hic*
614 1683 772 1750 Christus
795 1686 857 1746 aut
911 1687 928 1726 *
954 1692 1007 1752 est

286 1808 384 1856 ecce
407 1791 490 1874 illic,
513 1789 622 1854 nolite
645 1789 801 1853 credere.
910 1809 996 1857 ecce
1018 1793 1106 1858 fehlt

351 1896 403 1960 24.
427 1901 573 1978 surgent
596 1894 689 1959 enirn
711 1892 856 1976 pseudo-

287 1998 410 2063 christi
446 2003 482 2064 et
525 1997 856 2081 pseudoprophetae

287 2112 323 2172 et
367 2105 501 2170 dabunt
545 2105 647 2187 signa
682 2118 789 2184 maga
822 2103 858 2164 et

287 2216 514 2296 protenta
588 2207 634 2272 ad
702 2223 858 2272 errorem
911 2209 1083 2292 prodigia,
1114 2210 1164 2274 ita
1192 2211 1292 2276 utin
1326 2231 1481 2280 errorem

288 2313 507 2395 faciendum,
548 2311 578 2376 si
616 2310 692 2376 fieri
733 2313 858 2393 potest,
955 2313 1169 2380 inducantur

289 2423 324 2483 et
371 2418 503 2483 electis.
576 2435 658 2480 vos
706 2420 859 2479 autem
912 2418 955 2498 (si
977 2419 1053 2484 fieri
1075 2423 1203 2502 potest)
1227 2421 1335 2486 etiam
1365 2422 1481 2488 electi.

289 2528 469 2588 cavete.
912 2530 1150 2590 vos—cavete
1171 2526 1260 2590 fehlt

354 2625 406 2693 25.
442 2644 527 2692 ecce
558 2622 722 2709 praedixi
758 2620 860 2686 vobis
1064 2679 1067 2686 .

291 2733 453 2799 omnia.
915 2732 1032 2797 omnia
1054 2733 1142 2798 fehlt

354 2838 407 2907 26.
431 2837 460 2900 si
475 2853 559 2917 ergo
574 2833 728 2900 dixerint
749 2831 861 2915 vobis,

291 2962 377 3010 ecce
388 2941 743 3020 insolitudineest,
753 2939 861 3004 nolite
915 2942 1083 3008 deserto

292 3049 408 3129 exire,
450 3065 534 3112 ecce
574 3047 610 3110 in
644 3044 860 3124 0011100110,
915 3048 1157 3129 penetralibus

292 3152 400 3238 nolite
423 3153 580 3217 eredere.
967 3211 970 3218 .

357 3255 409 3324 2r.
444 3256 535 3321 sicut
579 3254 671 3320 enim
717 3245 861 3316 'corus-
915 3256 1032 3338 fulgur

294 3363 422 3444 catio,
446 3379 554 3444 quae
577 3359 650 3425 exit
664 3357 709 3422 ab
725 3357 860 3421 oriente
916 3379 1006 3442 quae
1029 3361 1118 3426 fehlt

294 3473 330 3532 et
352 3471 533 3550 apparet
555 3482 665 3547 usque
688 3463 740 3526 ad
769 3461 862 3526 occi·
916 3471 1019 3549 paret
1106 3467 1142 3530 in
1397 3544 1399 3552 ‚

294 3570 446 3653 dentem,
468 3569 518 3636 ita
541 3569 609 3634 erit
630 3571 666 3633 et
688 3566 863 3632 adventus
1271 3549 1273 3556 ’

294 3673 356 3738 11111
378 3673 538 3738 hominis,
1120 3755 1122 3761 A
1324 3749 1327 3754 ,

359 3777 412 3845 28.
430 3777 502 3842 ubi
515 3777 645 3842 fuerint
660 3778 863 3858 cadaver,
916 3778 1116 3862 ubicunque
1204 3757 1342 3864 corpue,
1369 3817 1374 3860 :

295 3881 422 3946 illuc
503 3880 862 3964 congregabuntur*
917 3883 991 3948 illic
1080 3883 1157 3947 *et
1279 3935 1282 3942 .

295 3988 445 4071 aquilae.

361 4090 413 4158 29.
438 4091 866 4174 continuoautempost
918 4091 1037 4156 statim
1096 4169 1097 4174 ἵ
1384 4149 1408 4176 ,

297 4214 545 4280 pressuram
567 4197 702 4260 dierum
726 4195 865 4258 illorum
918 4192 1180 4260 tribulationem
1216 4185 1217 4194 ’
1334 4189 1335 4193 ’

300 4304 352 4367 sol
386 4301 680 4368 tenebricabit
714 4304 750 4364 et
781 4299 866 4362 luna
919 4295 1180 4366 obscurabitur
1459 4295 1462 4302 ⁴

298 4427 368 4472 non
404 4407 503 4472 dubit
543 4407 660 4471 lumen
697 4421 797 4468 suum
831 4408 866 4468 et

298 4511 423 4577 stellae
454 4510 585 4575 cadent
616 4510 660 4574 de
692 4510 793 4574 caelo
830 4512 866 4576 et
