3224 5050
711 353 753 420 ir

280 651 553 738 Cypritrnus
945 650 1149 735 Vulgata

200 900 236 949 v.
254 881 307 948 48.
340 880 402 946 Cui
426 877 572 946 multum
596 882 709 963 datur,
763 880 867 946 Omni
881 886 1010 959 autem,
1035 881 1092 945 eui
1109 882 1256 945 multum
1272 879 1331 943 da-

132 987 284 1051 multum
318 985 499 1068 quaeritur
520 988 566 1051 ab
591 1005 642 1069 eo,
674 992 710 1052 et
806 992 879 1050 tum
897 990 960 1066 est,
978 987 1127 1050 muitum
1142 989 1332 1069 quaeretur

133 1091 194 1172 qui
204 1090 284 1172 plus
294 1089 475 1172 dignitatis
486 1089 709 1174 adscribitur,
806 1090 851 1153 ab
882 1108 933 1170 eo,
958 1094 994 1154 et
1021 1091 1078 1155 oui
1107 1090 1331 1155 eommonda-

132 1196 215 1278 plus
244 1196 288 1259 de
319 1195 379 1259 illo
411 1195 566 1277 exigitur
598 1197 708 1260 servi·
806 1198 935 1258 verunt
945 1195 1103 1276 multum,
1120 1195 1198 1279 pius
1210 1198 1333 1279 petent

133 1299 230 1366 tuiis,
248 1297 275 1384 ¹)
806 1299 852 1362 ab
879 1317 931 1365 eo,

319 1453 404 1538 Cap.
429 1457 521 1520 XIV.

202 1595 237 1641 v.
261 1577 312 1644 ti.
358 1578 435 1660 qui
472 1597 519 1642 se
556 1579 708 1660 exaltat,
763 1576 884 1657 omnia,
909 1576 1030 1659 quise

133 1679 379 1746 humiliabitur
402 1687 437 1747 et
458 1683 517 1765 qui
538 1701 575 1748 se
598 1683 707 1747 hurni-

133 1782 210 1865 liat,
235 1785 461 1852 exaltabitur.
476 1784 500 1862 2)

201 1908 236 1954 v,
254 1889 299 1954 12.
319 1889 406 1956 Cum
418 1891 507 1955 facis
520 1889 708 1974 prandium
734 1930 736 1954 .

135 1997 199 2056 aut
218 2011 354 2073 cenam,
378 1995 450 2058 noli
472 2011 606 2060 vocare
625 1995 708 2058 arni-

135 2100 277 2161 costuos
295 2141 298 2148 ·
313 2103 391 2163 tuos
427 2105 507 2163 aut
540 2098 707 2163 fratres*
762 2115 877 2178 noque
964 2096 1082 2160 *tuos

134 2219 252 2282 neque
284 2201 446 2266 vicinos
484 2221 618 2284 neque
652 2202 709 2265 di·
763 2199 1332 2282 cognatosnequevieinosdivites

135 2303 264 2382 vites,
287 2305 461 2370 neforto*
480 2311 515 2370 et
533 2305 601 2369 illi
620 2306 709 2369 rein·
762 2306 778 2342 '¹¹
802 2312 848 2370 te,
937 2303 1004 2388 ipsi

135 2407 708 2488 vitentte,eteritretributiotibi.
763 2412 825 2474 fiat
848 2409 912 2474 tibi
1005 2415 1040 2475 et
1063 2411 1150 2474 fehlt

203 2509 255 2576 13.
287 2512 349 2576 sed
373 2530 453 2576 oum
475 2513 564 2576 facis
585 2531 709 2596 pran-
763 2515 968 2579 convivium

137 2615 247 2679 dium
292 2621 364 2680 aut
408 2618 572 2700 cenam,
617 2635 710 2682 voca
764 2624 829 2684 aut
853 2637 980 2702 cenam
1002 2617 1090 2682 fehlt

137 2719 708 2808 mendieosdebilesoaeoos,
763 2740 938 2806 pauperes

139 2825 306 2890 clodos
763 2828 909 2892 claudos
932 2831 968 2891 et
992 2842 1119 2890 caecos

182 2929 708 3015 tietbeatuserisquoniam
763 2933 846 3016 quia
1228 2923 1229 2926 '

137 3052 207 3097 non
222 3033 365 3114 habent,
384 3035 494 3100 unde
513 3037 709 3104 retribuere
762 3038 855 3104 unde
879 3037 968 3101 fehlt

137 3138 212 3220 tibi,
227 3138 480 3203 restituetur
494 3145 628 3206 autem
646 3142 710 3207 tibi
762 3141 977 3206 retribuetur
1000 3140 1095 3205 enirn

138 3244 174 3307 in
197 3243 457 3308 resurreetione
480 3243 659 3311 iustorum.
680 3245 709 3331 ³)

201 3384 236 3432 v.
262 3363 313 3430 33.
354 3365 413 3448 qui
436 3384 506 3429 non
529 3367 709 3432 renuntiat

138 3469 311 3552 omnibus·
345 3487 436 3551 quae
473 3473 568 3534 suut
608 3470 708 3552 eius,
762 3469 919 3552 possidet

137 3592 207 3637 non
222 3578 338 3656 potest
357 3591 456 3640 meus
475 3573 709 3656 discipulus
763 3592 841 3640 esse
865 3571 1069 3656 discipulus

138 3697 252 3745 esse.
268 3678 298 3765 4)

330 3834 415 3918 Cap.
441 3835 516 3902 XV.

202 3975 237 4024 v.
257 3956 287 4022 7.
317 3957 396 4021 dico
420 3956 531 4037 vobis
558 3949 617 4020 sic
641 3956 708 4020 erit
763 3955 856 4039 quod
879 3955 930 4018 ita
953 3952 1119 4036 gaudium
1143 3951 1210 4017 erit

138 4059 304 4143 gaudium
349 4061 384 4123 in
422 4063 522 4126 eaelo
568 4059 706 4142 super*
764 4079 832 4124 uno

137 4169 327 4248 peccatore
372 4165 626 4248 poenitentiam
673 4183 707 4228 a·

137 4274 253 4354 gente,
270 4288 375 4353 quam
390 4287 496 4352 super
513 4270 707 4351 nonaginta

243 4479 261 4544 ¹)
281 4479 340 4546 228,
367 4495 402 4547 23
421 4478 457 4531 de
476 4477 549 4532 cath.
570 4478 641 4532 eccl.
665 4495 712 4532 un.
731 4494 773 4530 21.
803 4509 829 4516 ι-
859 4478 879 4544 ²)
898 4485 961 4530 test.
981 4474 1024 4542 ΙΙΙ,
1043 4492 1067 4544 5,
1095 4491 1200 4545 p.117,
1228 4491 1271 4527 20.
1302 4505 1333 4511 —-

137 4569 159 4636 ⁸)
181 4583 239 4637 114,
257 4583 275 4619 2
292 4576 356 4620 test
368 4566 412 4635 ΙΙΙ,
434 4574 498 4622 19—
510 4568 529 4634 ⁴)
543 4583 600 4635 123,
621 4582 650 4619 11
671 4576 736 4620 test.
753 4565 802 4635 ΙΙΙ,
820 4582 860 4635 11,
878 4565 1058 4634 ebenso329,
1079 4563 1141 4618 rad
1152 4562 1297 4616 Fortunat.
1309 4579 1333 4631 7.
