3198 5048
779 318 987 424 Q

526 533 802 640 Apocalypsis
834 531 1013 620 loannis
1045 533 1241 638 apostoli.

433 796 704 882 cyprianus

288 937 443 946 ———-——-—-

287 947 443 956 ι--ι--ι--ι

508 1042 593 1126 Cap.
617 1041 643 1107 I.

348 1185 383 1230 v.
397 1164 448 1230 12.
473 1166 517 1230 Et
539 1165 859 1231 conversus*res-
915 1164 933 1204 ¹³
957 1183 1033 1229 sum
1140 1164 1281 1248 respexi
1304 1163 1393 1229 fehlt

272 1269 614 1353 ‘pexiutviderem
624 1286 860 1352 vocemquae

292 1391 453 1440 meeum
477 1375 740 1456 loquebatur.
786 1371 859 1436 et*
914 1373 1026 1440 Stell.:
1051 1372 1143 1454 loqu.
1167 1391 1213 1437 m.
1260 1371 1488 1437 *conversus

290 1478 860 1562 vidiseptemeandelabraaurea.

355 1600 405 1666 13.
447 1599 542 1664 etin
564 1599 678 1663 medio
697 1599 713 1635 ⁸
730 1599 858 1664 cande·
916 1596 933 1635 ²¹¹
957 1599 1094 1679 septem

292 1707 472 1770 labrorum
493 1704 677 1769 *similem
708 1704 779 1767 filio
802 1703 860 1766 ho·
917 1701 933 1736 '¹‘
959 1719 1146 1768 aureorum

288 1812 402 1894 minis,
416 1811 810 1893 vestitumpoderem‚
827 1813 862 1873 et
915 1806 1048 1889 podere
1578 1895 1579 1900 ἵ

290 1921 381 1982 erat
403 1915 680 1998 praecinctus
714 1932 861 1996 supra
915 1914 993 1975 erat
1015 1912 1103 1977 fehlt
1148 1911 1392 1994 praecinctum
1438 1908 1485 1972 ad

289 2020 465 2084 mamillas
488 2036 634 2082 zonam
658 2036 838 2082 auream.
914 2015 1070 2079 Ablativ.

356 2141 407 2206 14.
449 2143 557 2223 eaput
586 2147 705 2204 autem
729 2140 803 2204 eius
826 2144 861 2204 et

290 2245 411 2327 capilli
447 2247 550 2307 erant
572 2242 689 2322 albi,
725 2243 861 2308 velut
914 2241 1045 2305 eanditi
1079 2246 1260 2322 tamquam
1288 2239 1373 2302 lana
1400 2237 1483 2302 alba

291 2351 377 2413 lana
400 2353 461 2412 aut
484 2347 556 2428 nix,
590 2353 626 2412 et
660 2347 752 2416 oculi
786 2347 860 2412 eius
958 2351 993 2412 et
1015 2351 1196 2430 tamquam
1219 2344 1291 2426 nix,

290 2457 337 2516 ut
360 2452 503 2514 flamma
525 2450 626 2532 ignia.
914 2457 1095 2535 tamquam

357 2571 407 2638 lb.
446 2574 482 2634 et
504 2569 612 2652 pedes
631 2570 705 2634 eius
728 2572 860 2637 similes

290 2677 494 2742 aurichalco
509 2675 600 2739 sieut
619 2676 667 2740 de
683 2676 860 2740 fornace
914 2680 950 2743 in
974 2679 1113 2744 camino
1137 2677 1278 2743 ardenti

290 2783 429 2864 ignea,
461 2785 590 2845 etvox
614 2780 701 2844 eius
724 2784 767 2844 ut
803 2799 860 2844 so·
914 2785 1006 2848 illius
1028 2793 1209 2866 tamquam
1232 2801 1305 2846 vox

291 2905 367 2950 nus
391 2904 563 2969 aquarum
586 2887 785 2951 multarum.

355 3007 405 3074 16.
430 3013 466 3073 et
484 3009 640 3074 habebat
659 3008 694 3071 in
711 3007 860 3072 dextera

291 3129 355 3174 sua
378 3116 535 3193 septem
558 3112 724 3193 stellas,
748 3117 783 3176 et
806 3131 860 3176 ex
915 3115 1027 3182 Stell:
1051 3115 1172 3179 stellas
1195 3116 1329 3196 septem

292 3231 353 3278 ore
377 3215 450 3278 eius
483 3215 621 3297 gladius
655 3216 860 3298 utrimque
915 3223 1065 3302 utraque
1087 3222 1190 3302 parte

291 3323 415 3382 acutus
461 3319 648 3399 exiebat,
687 3324 722 3384 et
750 3320 860 3384 facies
916 3324 1037 3388 exibat

291 3423 365 3486 eius
410 3424 665 3506 splendebat
707 3429 755 3489 ut
799 3426 860 3490 sol
915 3428 1198 3492 sieutsollueet

223 3609 224 3612 Ἴ
292 3527 328 3590 in
353 3527 484 3592 virtute
508 3546 580 3593 sua.

356 3647 407 3715 17.
431 3655 466 3714 et
489 3668 568 3714 eum
587 3649 754 3714 vidissem
770 3655 859 3732 eum,

291 3755 404 3820 cecidi
443 3755 489 3818 ad
519 3755 629 3837 pedes
665 3754 739 3818 eius
772 3758 860 3818 tam-

293 3877 399 3941 quam
444 3864 616 3937 mertuus,
658 3863 693 3923 et
734 3859 860 3942 impo-
916 3860 1030 3945 posuit
1053 3860 1166 3928 dextr.
1190 3881 1216 3927 s.
1241 3879 1424 3945 superine

291 3962 386 4026 suit
430 3980 535 4044 super
579 3981 636 4026 me
677 3963 861 4028 dexteram

291 4084 400 4145 suam,
411 4066 545 4131 dicens:
563 4067 634 4130 noli
650 4067 784 4148 timere,
796 4087 861 4151 ego

291 4187 366 4232 sum
390 4169 522 4250 primus
545 4176 580 4235 et
603 4171 822 4258 novissimus,

356 4291 407 4356 18.
428 4296 462 4355 et
480 4292 594 4374 vivus,
614 4293 683 4374 qui
700 4294 860 4360 fueram
915 4305 950 4362 et
973 4296 1023 4360 fui

291 4399 457 4477 mortuus
482 4401 516 4458 et
540 4414 624 4460 eece
639 4414 715 4460 sum
734 4399 861 4465 vivens

291 4500 327 4564 in
373 4501 518 4565 saeeula
563 4503 783 4568 saeculorum
826 4510 861 4569 et
