3236 5056
297 627 567 711 Cyprianus

216 874 252 918 v.
269 855 320 936 10.
348 856 456 936 Beati,
476 858 536 940 qui
559 875 722 940 persecu·
748 898 750 923 t

147 959 283 1023 tionem
341 960 523 1042 patiuntur
578 926 751 1099 propter]

147 1063 336 1143 iustitiam,
366 1065 532 1146 quioniam
567 1067 722 1150 ipsorum
749 1112 751 1143 ,
777 1067 910 1130 stintmt

148 1171 205 1231 est
227 1184 376 1249 regnum
396 1169 586 1236 caelorum.
604 1169 631 1256 ¹)

217 1271 409 1353 Dagegen:

217 1377 328 1455 Beati,
365 1379 424 1460 qui
458 1381 722 1460 persecutio-

150 1499 243 1544 nem
267 1482 384 1562 passi
416 1483 593 1566 fuerint,
619 1483 722 1571 ...²)
750 1564 752 1577 Ι

216 1601 252 1649 v,
265 1583 399 1650 10-12.
421 1589 533 1668 Beati,
542 1589 722 1672 quiperse-
750 1594 752 1616 ¹

150 1688 331 1752 cutionem
363 1691 496 1774 passi
538 1693 724 1758 fuerint
750 1621 752 1747 Ι
777 1693 960 1775 patiuntur

149 1801 297 1877 propter
331 1795 519 1875 iustitiam,
558 1772 751 1896 quoniami

150 1900 307 1982 ipsorum
315 1904 369 1964 est
378 1917 524 1983 regnum
532 1902 722 1970 caelorum.
749 1928 751 1997 p

218 2003 269 2071 11.
316 2003 418 2069 Beati
443 2005 526 2068 estis
555 2024 635 2070 curn
659 2026 750 2073 vost
781 2005 827 2070 ΙΙ.
871 2001 972 2068 Beati
1007 2005 1100 2084 estiS,
1140 2023 1220 2068 cum
1255 2003 1348 2068 male

151 2109 331 2189 persecuti
380 2108 511 2173 fuerint
556 2114 591 2174 et
643 2112 722 2176 odio
820 2107 974 2171 dixerint
997 2107 1099 2170 uobis
1122 2113 1158 2172 et
1171 2110 1349 2191 persecuti

152 2210 353 2276 habuerint.
820 2213 1348 2280 ucsfuerintetdixerintcmne

819 2319 951 2382 malurn
974 2319 1165 2382 adversum
1188 2337 1252 2382 vos
1279 2337 1348 2384 me-

355 2507 357 2511 Α
820 2422 948 2485 tientes
971 2427 1117 2504 propter
1140 2441 1205 2488 mc.

220 2522 270 2590 12.
283 2526 437 2606 gaudete
448 2528 483 2589 et
496 2526 664 2607 exultate,
675 2526 723 2589 sic
776 2527 929 2608 gaudete
944 2531 979 2590 et
994 2526 1162 2605 exultate,
1183 2526 1349 2608 quoniam

152 2627 246 2690 enim
270 2633 305 2692 et
327 2631 519 2713 prophetas
546 2633 723 2712 persecuti
749 2640 751 2722 Ι
820 2649 958 2696 merces
982 2635 1103 2694 vestra
1126 2631 1270 2712 copiosa
1294 2634 1348 2694 est

151 2736 242 2813 suut,
268 2733 427 2816 quiante
445 2753 509 2798 vos
527 2737 677 2804 fuerunt.
694 2723 752 2826 Ἣ
820 2736 855 2799 in
888 2735 1008 2800 caelis.
1063 2736 1114 2799 sic
1146 2736 1239 2800 enim
1271 2753 1348 2818 per-

819 2839 931 2903 secuti
954 2845 1035 2904 sunt
1057 2840 1258 2922 prophetae,
1289 2839 1348 2922 qui

819 2945 961 3009 fuerunt
984 2949 1067 3008 ante
1090 2961 1164 3010 voa

217 3064 252 3110 v,
269 3045 320 3111 13.
344 3047 415 3111 Vos
426 3047 509 3112 estis
524 3049 577 3112 sal
592 3052 719 3127 terrae,

152 3150 187 3214 si
206 3155 345 3214 autem
368 3153 432 3214 sal
461 3153 720 3217 infatuatum
775 3154 919 3236 quodsi
943 3155 996 3217 sal
1020 3151 1206 3217 evanuerit

151 3255 268 3336 fuerit,
291 3254 327 3318 in
351 3275 419 3336 quo
443 3257 611 3320 salietur?

217 3359 263 3422 in
285 3359 430 3424 nihilum
455 3361 660 3425 valetinisi
683 3365 721 3425 ut
776 3362 821 3425 ad
912 3362 1047 3427 *ultra

151 3465 394 3548 proiciatur
411 3465 506 3528 foras
526 3468 561 3528 et
579 3467 720 3530 concul-
776 3469 936 3532 mittatur

151 3574 253 3634 cetur
275 3571 320 3634 ab
354 3568 599 3650 hominibus.⁴)
654 3570 720 3636 Da-

152 3691 283 3756 gagen:

217 3797 282 3842 vos
306 3829 314 3844 .
339 3829 345 3844 .
371 3829 378 3844 .
404 3783 552 3860 terrae,
577 3779 669 3860 quod
693 3779 722 3842 si

58 3891 61 3898 '
152 3889 272 3948 autern
282 3884 335 3947 sai
345 3883 462 3946 fatuus
476 3883 591 3964 fuerit,
605 3883 641 3946 in
653 3901 721 3965 quo

153 3988 403 4052 condietur?
437 4005 486 4052 cx
515 4007 562 4052 eo
588 3989 639 4052 ad
663 3989 722 4052 ni·
776 3989 821 4052 ad
845 3987 991 4050 nihilum
1023 3986 1122 4049 ualet
1144 3985 1248 4065 ultra,
1281 3984 1348 4048 nisi

152 4094 282 4157 hilum
326 4093 503 4174 valebit,
555 4093 636 4157 nisi
681 4099 724 4158 ut
820 4088 1346 4156 utmittaturforasetc.abh.

151 4199 390 4281 proiciatur
426 4198 537 4260 foras
564 4203 622 4264 et·
644 4216 723 4261 cou-

152 4303 313 4368 cuIcetur
337 4302 381 4365 ab
405 4301 611 4366 horninibus
630 4301 657 4388 5)

153 4411 362 4419 ...m-fl*-

258 4445 356 4511 1)129‚
378 4457 417 4510 15.
436 4469 469 4478 -
488 4440 593 4494 testim.
613 4440 659 4508 Ill,
681 4441 719 4494 16.
745 4469 779 4478 —
806 4441 826 4505 Ι)
845 4453 905 4506 345,
927 4453 939 4490 1
965 4467 999 4475 ω
1022 4437 1057 4490 ad
1079 4436 1223 4490 Fortunat.
1247 4454 1285 4490 12.
1317 4469 1343 4474 --

151 4533 172 4600 ⁸)
192 4531 253 4600 560,
271 4547 288 4599 4
306 4559 340 4568 -
359 4527 441 4599 epist.
461 4545 493 4598 31
514 4546 539 4598 4.
565 4557 599 4566 -
627 4528 647 4595 ⁴)
668 4543 726 4597 174,
744 4544 786 4580 20.
810 4555 844 4565 —
871 4524 975 4578 testim.
997 4524 1099 4593 111,87.
1128 4555 1161 4563 —
1188 4527 1287 4594 ⁶)440,
1309 4541 1347 4579 11.

151 4648 186 4658 -
205 4625 328 4672 sentent.
348 4616 436 4688 episc.
456 4633 482 4688 7.
