3198 5048
273 646 544 734 Cyprianus
936 643 1143 726 Vulgata

129 787 209 794 --.--
526 781 735 790 —-———----

130 796 462 804 .---·—-..-..—.
716 782 723 785 ⁸
749 793 876 800 Q*
897 785 1325 804 ·-——-——‘*-'-'-“‘-————-’-‘-==='--=

128 894 193 941 nes
216 875 408 938 nationes
426 873 572 937 venient
591 874 627 936 et
641 869 700 934 ad·
755 875 879 952 gentes

131 980 282 1045 orabunt
318 978 355 1042 in
396 980 589 1059 conspeetu
630 978 700 1053 tuo,

131 1083 298 1166 quoniam
312 1081 505 1146 iustitiae
520 1084 701 1144 tuaema-
756 1079 886 1144 iudicia
909 1086 970 1146 tua
993 1083 1182 1149 manifesta
1204 1090 1295 1152 sunt.

131 1188 322 1252 nitestatae
346 1188 436 1250 sunt.
451 1183 477 1269 ¹)

305 1373 390 1458 Cap.
414 1374 525 1440 XVII.

197 1518 231 1565 v,
256 1499 285 1562 1.
327 1499 371 1562 Et
402 1497 501 1563 venit
532 1513 622 1561 unus
654 1514 703 1561 ex
758 1497 802 1560 de
915 1521 918 1527 ·

131 1607 268 1686 septem
291 1599 438 1682 angelis
452 1600 704 1668 habentibus
757 1601 817 1684 qui
839 1601 1019 1666 habebant

134 1709 151 1748 ’¹‘
173 1708 323 1792 phialae,
347 1710 382 1770 et
405 1705 637 1788 adgressus
651 1711 705 1770 est
759 1704 775 1742 '¹‘
801 1713 935 1787 septem
1023 1705 1161 1771 loeutus
1184 1710 1238 1771 est
1258 1727 1327 1772 me-

132 1831 200 1893 me,
224 1811 387 1876 dioens:
411 1811 504 1891 veni,
520 1809 704 1875 ostendam
800 1828 880 1873 oum
904 1808 1025 1873 dicens

131 1916 198 1979 tibi
220 1915 483 1980 damnationem
509 1912 704 1984 meretricis

133 2038 304 2103 magnae,
358 2018 545 2084 sedentis
599 2034 705 2100 super
730 2038 732 2100 p
758 2037 849 2100 quse
873 2019 972 2082 sedet

134 2127 409 2208 aquius-multas
730 2101 733 2236 'p

200 2245 230 2311 2.
254 2265 334 2311 oum
351 2265 421 2329 qua
443 2246 608 2312 fornicati
624 2249 704 2309 sunt

134 2369 237 2433 reges
260 2350 431 2416 terrae*
760 2347 776 2384 ’¹‘
811 2355 845 2411 et
878 2347 1039 2413 inebriati
1076 2356 1166 2433 sunt,
1199 2354 1258 2436 qui
1280 2354 1329 2418 in-

802 2451 964 2516 habitent
1002 2458 1144 2536 terrain,
1179 2457 1329 2521 devino

801 2557 1055 2638 prostitutionis
1083 2560 1166 2625 eius,
1212 2566 1248 2626 et
1271 2562 1329 2626 ab·

802 2661 899 2724 stulit
920 2679 976 2725 me
1009 2661 1045 2724 in
1067 2663 1191 2745 spiritu
1213 2666 1249 2729 in
1273 2668 1329 2731 de-

804 2769 945 2830 sertum.

202 2873 232 2939 3.
253 2878 289 2938 et
299 2871 374 2934 vidi
389 2869 571 2933 mulierem
585 2867 704 2931 sedeu·
739 2945 741 2949 Ι

137 2987 208 3044 tem
232 2996 338 3061 super
359 2974 550 3040 bestiam*
764 2974 780 3012 *
805 2975 1009 3039 eooeineam

202 3100 234 3164 4.
259 3105 294 3165 et
311 3097 438 3162 mulier
455 3096 531 3160 illa
554 3093 708 3158 amiota
761 3098 823 3162 illa
842 3099 929 3164 fehlt
1014 3105 1092 3164 erat
1110 3100 1330 3166 circumdate

139 3209 217 3270 erat
247 3203 392 3286 pallium
425 3219 639 3286 purpureum
673 3204 708 3264 et
804 3220 961 3288 purpura
984 3209 1019 3267 et
1046 3205 1201 3288 coccino,
1225 3213 1260 3272 et
1282 3209 1332 3272 in-

139 3307 344 3372 coceineum
354 3307 708 3372 etadornataerat
805 3313 932 3371 aurata
951 3325 1037 3371 euro
1061 3313 1097 3371 et
1113 3309 1232 3391 lapide
1254 3329 1331 3394 pre-

140 3429 226 3477 auro
249 3415 284 3476 et
314 3410 528 3494 lapidibus
555 3411 708 3494 pretio·
805 3413 1016 3479 tiosoe.1n.

140 3515 196 3580 sis
235 3519 270 3580 et
314 3513 526 3596 margaritis
560 3521 708 3580 tenens
763 3519 896 3582 habens

139 3619 304 3702 poculum
342 3634 487 3683 aureum
530 3617 566 3680 in
602 3636 708 3682 manu

140 3721 708 3806 sua,plenumexseerationum
764 3724 1024 3790 abominatione
1056 3729 1091 3788 et
1113 3725 1333 3789 immunditia

141 3831 183 3892 et
204 3825 496 3891 immunditiae
518 3830 557 3889 et
581 3825 710 3890 forni—
807 3829 1049 3894 fornicationis
1072 3830 1155 3894 eius

142 3931 323 3997 cationis
354 3929 486 3995 totius
515 3931 710 4019 tormen

307 4120 392 4204 Cap.
416 4120 547 4186 XVIII.

209 4263 241 4311 v.
265 4245 295 4311 4.
320 4245 386 4309 exi
410 4244 458 4309 de
482 4263 540 4326 ee,
563 4247 712 4328 populus
767 4245 861 4310 exite
884 4245 928 4309 de
951 4244 1014 4308 iila

249 4469 269 4536 ¹)
290 4485 347 4540 135,
365 4469 384 4522 6
401 4477 464 4524 test.
484 4469 528 4536 Ili,
546 4485 589 4524 20.
616 4499 650 4508 —
677 4470 697 4536 ²)
720 4469 778 4538 148,
796 4487 813 4536 4
831 4475 894 4523 test.
915 4467 960 4534 iil,
983 4468 1018 4535 36
1043 4467 1148 4537 u.196‚
1177 4466 1250 4519 ade
1269 4467 1333 4521 hab.

144 4556 217 4627 virg.
236 4573 262 4626 2,
280 4575 327 4610 wo
346 4558 418 4611 aber
436 4552 531 4612 steht}
544 4567 572 4612 et
591 4556 673 4611 duxit
691 4573 739 4610 me
759 4556 786 4610 in
806 4555 909 4625 spiritu
928 4565 957 4610 et
975 4555 1044 4609 vidi.

1199 4658 1234 4717 91
