<?xml version="1.0" encoding="UTF-8"?>
<!DOCTYPE html PUBLIC "-//W3C//DTD XHTML 1.0 Transitional//EN"
    "http://www.w3.org/TR/xhtml1/DTD/xhtml1-transitional.dtd">
<html xmlns="http://www.w3.org/1999/xhtml" xml:lang="en" lang="en">
 <head>
  <title>
</title>
<meta http-equiv="Content-Type" content="text/html;charset=utf-8" />
  <meta name='ocr-system' content='tesseract 3.04.00' />
  <meta name='ocr-capabilities' content='ocr_page ocr_carea ocr_par ocr_line ocrx_word'/>
</head>
<body>
  <div class='ocr_page' id='page_1' title='image "./derneutestament00heidgoog_0106.png"; bbox 0 0 3198 5048; ppageno 0'>
   <div class='ocr_carea' id='block_1_1' title="bbox 593 337 800 439">
    <p class='ocr_par' dir='ltr' id='par_1_1' title="bbox 593 337 800 439">
     <span class='ocr_line' id='line_1_1' title="bbox 593 337 800 439; baseline 0 -35"><span class='ocrx_word' id='word_1_1' title='bbox 593 337 800 439; x_wconf 38' lang='lat' dir='ltr'>*nn*</span> 
     </span>
    </p>
   </div>
   <div class='ocr_carea' id='block_1_2' title="bbox 238 633 1110 725">
    <p class='ocr_par' dir='ltr' id='par_1_2' title="bbox 238 633 1110 725">
     <span class='ocr_line' id='line_1_2' title="bbox 238 633 1110 725; baseline -0.002 -23"><span class='ocrx_word' id='word_1_2' title='bbox 238 635 512 725; x_wconf 79' lang='lat' dir='ltr'>cyprianus</span> <span class='ocrx_word' id='word_1_3' title='bbox 899 633 1110 718; x_wconf 75' lang='lat' dir='ltr'><strong>Vulgata</strong></span> 
     </span>
    </p>
   </div>
   <div class='ocr_carea' id='block_1_3' title="bbox 90 785 1086 793">
    <p class='ocr_par' dir='ltr' id='par_1_3' title="bbox 90 785 1086 793">
     <span class='ocr_line' id='line_1_3' title="bbox 90 785 1086 793; baseline 0 -1"><span class='ocrx_word' id='word_1_4' title='bbox 90 785 390 792; x_wconf 45' lang='lat' dir='ltr'>Q—-m</span> <span class='ocrx_word' id='word_1_5' title='bbox 413 785 455 792; x_wconf 57' lang='lat'>⁴——</span> <span class='ocrx_word' id='word_1_6' title='bbox 567 788 579 792; x_wconf 89' lang='grc'>..</span> <span class='ocrx_word' id='word_1_7' title='bbox 802 789 825 792; x_wconf 89' lang='grc'>..</span> <span class='ocrx_word' id='word_1_8' title='bbox 900 787 936 792; x_wconf 76' lang='lat'>—-</span> <span class='ocrx_word' id='word_1_9' title='bbox 966 787 1086 793; x_wconf 67' lang='lat'>--.—..—</span> 
     </span>
    </p>
   </div>
   <div class='ocr_carea' id='block_1_4' title="bbox 89 863 1292 2718">
    <p class='ocr_par' dir='ltr' id='par_1_4' title="bbox 89 863 1292 1363">
     <span class='ocr_line' id='line_1_4' title="bbox 162 863 1292 948; baseline -0.003 -19"><span class='ocrx_word' id='word_1_10' title='bbox 162 863 214 931; x_wconf 86' lang='lat'>13.</span> <span class='ocrx_word' id='word_1_11' title='bbox 239 869 417 948; x_wconf 87' lang='lat' dir='ltr'>propter</span> <span class='ocrx_word' id='word_1_12' title='bbox 448 864 667 929; x_wconf 87' lang='lat' dir='ltr'>hocindu-</span> <span class='ocrx_word' id='word_1_13' title='bbox 721 869 911 948; x_wconf 89' lang='lat' dir='ltr'>prepterea</span> <span class='ocrx_word' id='word_1_14' title='bbox 968 863 1121 947; x_wconf 86' lang='lat' dir='ltr'>accipite</span> <span class='ocrx_word' id='word_1_15' title='bbox 1179 880 1292 928; x_wconf 88' lang='lat' dir='ltr'>arma-</span> 
     </span>
     <span class='ocr_line' id='line_1_5' title="bbox 90 967 971 1053; baseline -0.005 -18"><span class='ocrx_word' id='word_1_16' title='bbox 90 970 154 1035; x_wconf 85' lang='lat' dir='ltr'>ite</span> <span class='ocrx_word' id='word_1_17' title='bbox 178 973 266 1034; x_wconf 87' lang='lat' dir='ltr'>tota</span> <span class='ocrx_word' id='word_1_18' title='bbox 290 987 406 1033; x_wconf 88' lang='lat' dir='ltr'>arma</span> <span class='ocrx_word' id='word_1_19' title='bbox 420 968 513 1050; x_wconf 86' lang='lat' dir='ltr'>Dei,</span> <span class='ocrx_word' id='word_1_20' title='bbox 531 973 568 1034; x_wconf 89' lang='lat' dir='ltr'>ut</span> <span class='ocrx_word' id='word_1_21' title='bbox 591 987 667 1053; x_wconf 90' lang='lat' dir='ltr'>pos·</span> <span class='ocrx_word' id='word_1_22' title='bbox 765 972 881 1032; x_wconf 90' lang='lat' dir='ltr'>turam</span> <span class='ocrx_word' id='word_1_23' title='bbox 904 967 971 1032; x_wconf 90' lang='lat' dir='ltr'>Dei</span> 
     </span>
     <span class='ocr_line' id='line_1_6' title="bbox 91 1073 820 1156; baseline -0.001 -19"><span class='ocrx_word' id='word_1_24' title='bbox 91 1074 173 1138; x_wconf 89' lang='lat' dir='ltr'>sitis</span> <span class='ocrx_word' id='word_1_25' title='bbox 192 1073 357 1138; x_wconf 90' lang='lat' dir='ltr'>resistere</span> <span class='ocrx_word' id='word_1_26' title='bbox 372 1073 407 1136; x_wconf 91' lang='lat' dir='ltr'>in</span> <span class='ocrx_word' id='word_1_27' title='bbox 421 1073 478 1138; x_wconf 87' lang='lat' dir='ltr'>die</span> <span class='ocrx_word' id='word_1_28' title='bbox 501 1073 667 1156; x_wconf 91' lang='lat' dir='ltr'>nequis·</span> <span class='ocrx_word' id='word_1_29' title='bbox 725 1073 820 1136; x_wconf 89' lang='lat' dir='ltr'>malo</span> 
     </span>
     <span class='ocr_line' id='line_1_7' title="bbox 90 1175 1292 1261; baseline -0.002 -19"><span class='ocrx_word' id='word_1_30' title='bbox 90 1179 214 1259; x_wconf 85' lang='lat' dir='ltr'>sime,</span> <span class='ocrx_word' id='word_1_31' title='bbox 237 1183 295 1258; x_wconf 89' lang='lat' dir='ltr'>ut,</span> <span class='ocrx_word' id='word_1_32' title='bbox 313 1196 402 1246; x_wconf 90' lang='lat' dir='ltr'>cum</span> <span class='ocrx_word' id='word_1_33' title='bbox 419 1178 557 1242; x_wconf 88' lang='lat' dir='ltr'>omnia</span> <span class='ocrx_word' id='word_1_34' title='bbox 575 1197 667 1261; x_wconf 93' lang='lat' dir='ltr'>per·</span> <span class='ocrx_word' id='word_1_35' title='bbox 723 1183 759 1243; x_wconf 89' lang='lat' dir='ltr'>et</span> <span class='ocrx_word' id='word_1_36' title='bbox 781 1178 817 1241; x_wconf 92' lang='lat' dir='ltr'>in</span> <span class='ocrx_word' id='word_1_37' title='bbox 841 1176 1000 1241; x_wconf 86' lang='lat' dir='ltr'>omnibus</span> <span class='ocrx_word' id='word_1_38' title='bbox 1023 1175 1173 1260; x_wconf 86' lang='lat' dir='ltr'>perfecti</span> <span class='ocrx_word' id='word_1_39' title='bbox 1196 1180 1292 1241; x_wconf 86' lang='lat' dir='ltr'>stare</span> 
     </span>
     <span class='ocr_line' id='line_1_8' title="bbox 89 1281 304 1363; baseline 0 -17"><span class='ocrx_word' id='word_1_40' title='bbox 89 1281 304 1363; x_wconf 73' lang='lat' dir='ltr'>feceritis</span> 
     </span>
    </p>

    <p class='ocr_par' dir='ltr' id='par_1_5' title="bbox 91 1385 1292 1678">
     <span class='ocr_line' id='line_1_9' title="bbox 163 1385 1292 1470; baseline -0.004 -17"><span class='ocrx_word' id='word_1_41' title='bbox 163 1387 215 1454; x_wconf 74' lang='lat'>14.</span> <span class='ocrx_word' id='word_1_42' title='bbox 239 1387 339 1452; x_wconf 89' lang='lat' dir='ltr'>stetis</span> <span class='ocrx_word' id='word_1_43' title='bbox 358 1387 514 1452; x_wconf 77' lang='lat' dir='ltr'>adcincti</span> <span class='ocrx_word' id='word_1_44' title='bbox 531 1387 668 1453; x_wconf 87' lang='lat' dir='ltr'>lumbos</span> <span class='ocrx_word' id='word_1_45' title='bbox 723 1391 815 1452; x_wconf 90' lang='lat' dir='ltr'>state</span> <span class='ocrx_word' id='word_1_46' title='bbox 838 1404 923 1470; x_wconf 86' lang='lat' dir='ltr'>ergo</span> <span class='ocrx_word' id='word_1_47' title='bbox 955 1385 1126 1451; x_wconf 78' lang='lat' dir='ltr'><strong>succincti</strong></span> <span class='ocrx_word' id='word_1_48' title='bbox 1155 1385 1292 1450; x_wconf 89' lang='lat' dir='ltr'>lumbos</span> 
     </span>
     <span class='ocr_line' id='line_1_10' title="bbox 91 1489 1290 1573; baseline 0 -18"><span class='ocrx_word' id='word_1_49' title='bbox 91 1495 237 1556; x_wconf 85' lang='lat' dir='ltr'>vestros</span> <span class='ocrx_word' id='word_1_50' title='bbox 268 1491 304 1554; x_wconf 93' lang='lat' dir='ltr'>in</span> <span class='ocrx_word' id='word_1_51' title='bbox 334 1491 511 1573; x_wconf 87' lang='lat' dir='ltr'>veritate,</span> <span class='ocrx_word' id='word_1_52' title='bbox 551 1492 667 1558; x_wconf 92' lang='lat' dir='ltr'>indu·</span> <span class='ocrx_word' id='word_1_53' title='bbox 766 1495 904 1556; x_wconf 87' lang='lat' dir='ltr'>vestros</span> <span class='ocrx_word' id='word_1_54' title='bbox 927 1491 948 1555; x_wconf 91' lang='lat' dir='ltr'>i.</span> <span class='ocrx_word' id='word_1_55' title='bbox 973 1508 1007 1556; x_wconf 83' lang='lat' dir='ltr'>u.</span> <span class='ocrx_word' id='word_1_56' title='bbox 1032 1494 1067 1555; x_wconf 90' lang='lat' dir='ltr'>et</span> <span class='ocrx_word' id='word_1_57' title='bbox 1090 1489 1202 1556; x_wconf 91' lang='lat' dir='ltr'>induti</span> <span class='ocrx_word' id='word_1_58' title='bbox 1224 1490 1246 1558; x_wconf 89' lang='lat' dir='ltr'>l.</span> <span class='ocrx_word' id='word_1_59' title='bbox 1270 1491 1290 1556; x_wconf 90' lang='lat' dir='ltr'>i.</span> 
     </span>
     <span class='ocr_line' id='line_1_11' title="bbox 96 1595 581 1678; baseline -0.002 -17"><span class='ocrx_word' id='word_1_60' title='bbox 96 1599 222 1661; x_wconf 91' lang='lat' dir='ltr'>entes</span> <span class='ocrx_word' id='word_1_61' title='bbox 244 1595 392 1660; x_wconf 86' lang='lat' dir='ltr'>loricam</span> <span class='ocrx_word' id='word_1_62' title='bbox 415 1595 581 1678; x_wconf 88' lang='lat' dir='ltr'>institiae,</span> 
     </span>
    </p>

    <p class='ocr_par' dir='ltr' id='par_1_6' title="bbox 92 1698 876 1988">
     <span class='ocr_line' id='line_1_12' title="bbox 163 1698 876 1783; baseline 0 -21"><span class='ocrx_word' id='word_1_63' title='bbox 163 1699 214 1765; x_wconf 82' lang='lat'>15.</span> <span class='ocrx_word' id='word_1_64' title='bbox 238 1704 273 1765; x_wconf 93' lang='lat' dir='ltr'>et</span> <span class='ocrx_word' id='word_1_65' title='bbox 296 1699 472 1764; x_wconf 87' lang='lat' dir='ltr'>calciati</span> <span class='ocrx_word' id='word_1_66' title='bbox 499 1700 608 1783; x_wconf 91' lang='lat' dir='ltr'>pedes</span> <span class='ocrx_word' id='word_1_67' title='bbox 631 1701 666 1764; x_wconf 94' lang='lat' dir='ltr'>in</span> <span class='ocrx_word' id='word_1_68' title='bbox 723 1698 876 1763; x_wconf 86' lang='lat' dir='ltr'>calceati</span> 
     </span>
     <span class='ocr_line' id='line_1_13' title="bbox 92 1805 666 1888; baseline 0.002 -20"><span class='ocrx_word' id='word_1_69' title='bbox 92 1805 374 1888; x_wconf 80' lang='lat' dir='ltr'>praeparatione</span> <span class='ocrx_word' id='word_1_70' title='bbox 397 1805 576 1887; x_wconf 85' lang='lat' dir='ltr'>evangelii</span> <span class='ocrx_word' id='word_1_71' title='bbox 606 1823 666 1888; x_wconf 88' lang='lat' dir='ltr'>pa-</span> 
     </span>
     <span class='ocr_line' id='line_1_14' title="bbox 93 1909 163 1988; baseline -0.029 -14"><span class='ocrx_word' id='word_1_72' title='bbox 93 1909 163 1988; x_wconf 79' lang='lat' dir='ltr'>cie,</span> 
     </span>
    </p>

    <p class='ocr_par' dir='ltr' id='par_1_7' title="bbox 91 2011 923 2409">
     <span class='ocr_line' id='line_1_15' title="bbox 162 2011 899 2078; baseline 0.001 -2"><span class='ocrx_word' id='word_1_73' title='bbox 162 2011 214 2078; x_wconf 86' lang='grc'>16.</span> <span class='ocrx_word' id='word_1_74' title='bbox 229 2012 264 2076; x_wconf 91' lang='lat' dir='ltr'>in</span> <span class='ocrx_word' id='word_1_75' title='bbox 276 2013 436 2077; x_wconf 91' lang='lat' dir='ltr'>omnibus</span> <span class='ocrx_word' id='word_1_76' title='bbox 451 2013 665 2078; x_wconf 90' lang='lat' dir='ltr'>adsumen-</span> <span class='ocrx_word' id='word_1_77' title='bbox 721 2016 899 2077; x_wconf 87' lang='lat' dir='ltr'>sumentes</span> 
     </span>
     <span class='ocr_line' id='line_1_16' title="bbox 92 2117 665 2200; baseline -0.002 -18"><span class='ocrx_word' id='word_1_78' title='bbox 92 2122 159 2182; x_wconf 88' lang='lat' dir='ltr'>tes</span> <span class='ocrx_word' id='word_1_79' title='bbox 181 2121 318 2182; x_wconf 90' lang='lat' dir='ltr'>scutum</span> <span class='ocrx_word' id='word_1_80' title='bbox 338 2117 430 2196; x_wconf 84' lang='lat' dir='ltr'>fidei,</span> <span class='ocrx_word' id='word_1_81' title='bbox 454 2117 490 2180; x_wconf 93' lang='lat' dir='ltr'>in</span> <span class='ocrx_word' id='word_1_82' title='bbox 506 2135 574 2200; x_wconf 92' lang='lat' dir='ltr'>quo</span> <span class='ocrx_word' id='word_1_83' title='bbox 589 2135 665 2200; x_wconf 87' lang='lat' dir='ltr'>pos-</span> 
     </span>
     <span class='ocr_line' id='line_1_17' title="bbox 91 2220 923 2301; baseline -0.002 -15"><span class='ocrx_word' id='word_1_84' title='bbox 91 2222 170 2286; x_wconf 86' lang='lat' dir='ltr'>sitis</span> <span class='ocrx_word' id='word_1_85' title='bbox 194 2222 311 2285; x_wconf 88' lang='lat' dir='ltr'>omnia</span> <span class='ocrx_word' id='word_1_86' title='bbox 344 2222 576 2287; x_wconf 89' lang='lat' dir='ltr'>candentia</span> <span class='ocrx_word' id='word_1_87' title='bbox 607 2222 666 2286; x_wconf 92' lang='lat' dir='ltr'>ia·</span> <span class='ocrx_word' id='word_1_88' title='bbox 721 2222 794 2286; x_wconf 91' lang='lat' dir='ltr'>tela</span> <span class='ocrx_word' id='word_1_89' title='bbox 817 2220 923 2301; x_wconf 79' lang='lat' dir='ltr'>ignca</span> 
     </span>
     <span class='ocr_line' id='line_1_18' title="bbox 92 2325 665 2409; baseline 0 -19"><span class='ocrx_word' id='word_1_90' title='bbox 92 2326 193 2390; x_wconf 88' lang='lat' dir='ltr'>cula</span> <span class='ocrx_word' id='word_1_91' title='bbox 220 2326 423 2409; x_wconf 82' lang='lat' dir='ltr'>nequissimi</span> <span class='ocrx_word' id='word_1_92' title='bbox 447 2325 665 2408; x_wconf 85' lang='lat' dir='ltr'>extinguere,</span> 
     </span>
    </p>

    <p class='ocr_par' dir='ltr' id='par_1_8' title="bbox 91 2429 1163 2718">
     <span class='ocr_line' id='line_1_19' title="bbox 163 2429 933 2514; baseline 0.001 -21"><span class='ocrx_word' id='word_1_93' title='bbox 163 2429 212 2495; x_wconf 82' lang='lat'>17.</span> <span class='ocrx_word' id='word_1_94' title='bbox 238 2435 272 2495; x_wconf 88' lang='lat' dir='ltr'>et</span> <span class='ocrx_word' id='word_1_95' title='bbox 290 2431 431 2514; x_wconf 85' lang='lat' dir='ltr'>galeam</span> <span class='ocrx_word' id='word_1_96' title='bbox 446 2431 569 2494; x_wconf 86' lang='lat' dir='ltr'>salutis</span> <span class='ocrx_word' id='word_1_97' title='bbox 587 2430 615 2513; x_wconf 69' lang='lat' dir='ltr'>i,</span> <span class='ocrx_word' id='word_1_98' title='bbox 631 2435 666 2495; x_wconf 90' lang='lat' dir='ltr'>ct</span> <span class='ocrx_word' id='word_1_99' title='bbox 724 2429 740 2468; x_wconf 71' lang='lat'>³²</span> <span class='ocrx_word' id='word_1_100' title='bbox 765 2429 933 2494; x_wconf 92' lang='lat' dir='ltr'>assumite</span> 
     </span>
     <span class='ocr_line' id='line_1_20' title="bbox 91 2533 1163 2619; baseline 0.001 -21"><span class='ocrx_word' id='word_1_101' title='bbox 91 2535 252 2617; x_wconf 83' lang='lat' dir='ltr'>gladium</span> <span class='ocrx_word' id='word_1_102' title='bbox 294 2536 453 2618; x_wconf 89' lang='lat' dir='ltr'>spiritus,</span> <span class='ocrx_word' id='word_1_103' title='bbox 494 2535 562 2619; x_wconf 92' lang='lat' dir='ltr'>qui</span> <span class='ocrx_word' id='word_1_104' title='bbox 602 2540 666 2600; x_wconf 91' lang='lat' dir='ltr'>est</span> <span class='ocrx_word' id='word_1_105' title='bbox 722 2535 814 2617; x_wconf 91' lang='lat' dir='ltr'>quod</span> <span class='ocrx_word' id='word_1_106' title='bbox 838 2539 891 2599; x_wconf 87' lang='lat' dir='ltr'>est</span> <span class='ocrx_word' id='word_1_107' title='bbox 914 2533 1063 2599; x_wconf 85' lang='lat' dir='ltr'>verbum</span> <span class='ocrx_word' id='word_1_108' title='bbox 1087 2535 1163 2599; x_wconf 90' lang='lat' dir='ltr'>Dei.</span> 
     </span>
     <span class='ocr_line' id='line_1_21' title="bbox 92 2639 360 2718; baseline -0.004 -14"><span class='ocrx_word' id='word_1_109' title='bbox 92 2657 230 2705; x_wconf 89' lang='lat' dir='ltr'>sermo</span> <span class='ocrx_word' id='word_1_110' title='bbox 254 2639 360 2718; x_wconf 72' lang='lat' dir='ltr'>Dei¹l</span> 
     </span>
    </p>
   </div>
   <div class='ocr_carea' id='block_1_5' title="bbox 388 2830 996 2937">
    <p class='ocr_par' dir='ltr' id='par_1_9' title="bbox 388 2830 996 2937">
     <span class='ocr_line' id='line_1_22' title="bbox 388 2830 996 2937; baseline -0.005 -18"><span class='ocrx_word' id='word_1_111' title='bbox 388 2831 573 2937; x_wconf 81' lang='lat' dir='ltr'>[pistule</span> <span class='ocrx_word' id='word_1_112' title='bbox 606 2832 657 2920; x_wconf 83' lang='lat' dir='ltr'>ad</span> <span class='ocrx_word' id='word_1_113' title='bbox 689 2830 996 2934; x_wconf 76' lang='lat' dir='ltr'>Philippenses.</span> 
     </span>
    </p>
   </div>
   <div class='ocr_carea' id='block_1_6' title="bbox 95 2989 1292 3703">
    <p class='ocr_par' dir='ltr' id='par_1_10' title="bbox 95 2989 1292 3703">
     <span class='ocr_line' id='line_1_23' title="bbox 309 2989 445 3072; baseline 0.007 -18"><span class='ocrx_word' id='word_1_114' title='bbox 309 2989 445 3072; x_wconf 79' lang='lat' dir='ltr'>Capi.</span> 
     </span>
     <span class='ocr_line' id='line_1_24' title="bbox 162 3095 1292 3182; baseline 0.006 -24"><span class='ocrx_word' id='word_1_115' title='bbox 162 3114 197 3160; x_wconf 90' lang='lat' dir='ltr'>v.</span> <span class='ocrx_word' id='word_1_116' title='bbox 215 3095 265 3162; x_wconf 87' lang='grc'>18.</span> <span class='ocrx_word' id='word_1_117' title='bbox 303 3099 549 3160; x_wconf 86' lang='lat' dir='ltr'>verumtamen</span> <span class='ocrx_word' id='word_1_118' title='bbox 575 3096 669 3160; x_wconf 85' lang='lat' dir='ltr'>omni</span> <span class='ocrx_word' id='word_1_119' title='bbox 722 3095 802 3159; x_wconf 93' lang='lat' dir='ltr'>dum</span> <span class='ocrx_word' id='word_1_120' title='bbox 828 3095 922 3158; x_wconf 85' lang='lat' dir='ltr'>omni</span> <span class='ocrx_word' id='word_1_121' title='bbox 945 3114 990 3162; x_wconf 90' lang='lat' dir='ltr'>m.</span> <span class='ocrx_word' id='word_1_122' title='bbox 1010 3097 1087 3163; x_wconf 87' lang='lat' dir='ltr'>sive</span> <span class='ocrx_word' id='word_1_123' title='bbox 1110 3117 1142 3182; x_wconf 91' lang='lat' dir='ltr'>p.</span> <span class='ocrx_word' id='word_1_124' title='bbox 1167 3118 1198 3165; x_wconf 90' lang='lat'>0.</span> <span class='ocrx_word' id='word_1_125' title='bbox 1223 3103 1292 3168; x_wconf 81' lang='lat' dir='ltr'>eto.</span> 
     </span>
     <span class='ocr_line' id='line_1_25' title="bbox 97 3199 667 3282; baseline -0.004 -17"><span class='ocrx_word' id='word_1_126' title='bbox 97 3201 203 3266; x_wconf 91' lang='lat' dir='ltr'>modo</span> <span class='ocrx_word' id='word_1_127' title='bbox 235 3200 312 3264; x_wconf 90' lang='lat' dir='ltr'>sive</span> <span class='ocrx_word' id='word_1_128' title='bbox 347 3217 411 3282; x_wconf 92' lang='lat' dir='ltr'>per</span> <span class='ocrx_word' id='word_1_129' title='bbox 434 3199 667 3281; x_wconf 89' lang='lat' dir='ltr'>occasionem,</span> 
     </span>
     <span class='ocr_line' id='line_1_26' title="bbox 95 3302 668 3388; baseline -0.003 -19"><span class='ocrx_word' id='word_1_130' title='bbox 95 3306 175 3370; x_wconf 89' lang='lat' dir='ltr'>sivc</span> <span class='ocrx_word' id='word_1_131' title='bbox 198 3322 263 3388; x_wconf 91' lang='lat' dir='ltr'>per</span> <span class='ocrx_word' id='word_1_132' title='bbox 285 3303 485 3383; x_wconf 87' lang='lat' dir='ltr'>veritatem,</span> <span class='ocrx_word' id='word_1_133' title='bbox 509 3302 668 3368; x_wconf 86' lang='lat' dir='ltr'>Christus</span> 
     </span>
     <span class='ocr_line' id='line_1_27' title="bbox 97 3406 363 3488; baseline -0.008 -15"><span class='ocrx_word' id='word_1_134' title='bbox 97 3406 363 3488; x_wconf 79' lang='lat' dir='ltr'>adnuntietur2)</span> 
     </span>
     <span class='ocr_line' id='line_1_28' title="bbox 163 3511 857 3580; baseline 0.001 -4"><span class='ocrx_word' id='word_1_135' title='bbox 163 3532 197 3577; x_wconf 82' lang='lat' dir='ltr'>u.</span> <span class='ocrx_word' id='word_1_136' title='bbox 214 3511 265 3580; x_wconf 75' lang='lat' dir='ltr'>Ql.</span> <span class='ocrx_word' id='word_1_137' title='bbox 290 3514 374 3576; x_wconf 93' lang='lat' dir='ltr'>mihi</span> <span class='ocrx_word' id='word_1_138' title='bbox 393 3515 409 3550; x_wconf 76' lang='lat'>&#39;¹</span> <span class='ocrx_word' id='word_1_139' title='bbox 427 3514 551 3578; x_wconf 86' lang='lat' dir='ltr'>vivere</span> <span class='ocrx_word' id='word_1_140' title='bbox 571 3511 667 3578; x_wconf 82' lang='lat' dir='ltr'>Oini-</span> <span class='ocrx_word' id='word_1_141' title='bbox 724 3513 740 3549; x_wconf 81' lang='grc'><strong><em>*</em></strong></span> <span class='ocrx_word' id='word_1_142' title='bbox 765 3513 857 3578; x_wconf 90' lang='lat' dir='ltr'>enim</span> 
     </span>
     <span class='ocr_line' id='line_1_29' title="bbox 95 3616 631 3703; baseline -0.006 -21"><span class='ocrx_word' id='word_1_143' title='bbox 95 3629 171 3683; x_wconf 90' lang='lat' dir='ltr'>stus</span> <span class='ocrx_word' id='word_1_144' title='bbox 195 3623 257 3702; x_wconf 89' lang='lat' dir='ltr'>est,</span> <span class='ocrx_word' id='word_1_145' title='bbox 281 3624 317 3683; x_wconf 89' lang='lat' dir='ltr'>et</span> <span class='ocrx_word' id='word_1_146' title='bbox 339 3618 428 3682; x_wconf 86' lang='lat' dir='ltr'>mori</span> <span class='ocrx_word' id='word_1_147' title='bbox 451 3619 588 3682; x_wconf 89' lang='lat' dir='ltr'>lucrum</span> <span class='ocrx_word' id='word_1_148' title='bbox 602 3616 631 3703; x_wconf 84' lang='lat'>³)</span> 
     </span>
    </p>
   </div>
   <div class='ocr_carea' id='block_1_7' title="bbox 97 3774 1290 4066">
    <p class='ocr_par' dir='ltr' id='par_1_11' title="bbox 97 3774 1290 4066">
     <span class='ocr_line' id='line_1_30' title="bbox 305 3774 460 3840; baseline 0 0"><span class='ocrx_word' id='word_1_149' title='bbox 305 3774 356 3840; x_wconf 86' lang='lat' dir='ltr'>Oa</span> <span class='ocrx_word' id='word_1_150' title='bbox 384 3825 390 3839; x_wconf 95' lang='lat'><strong>.</strong></span> <span class='ocrx_word' id='word_1_151' title='bbox 416 3774 460 3840; x_wconf 89' lang='lat' dir='ltr'>ll.</span> 
     </span>
     <span class='ocr_line' id='line_1_31' title="bbox 164 3794 1290 3965; baseline 0.003 -21"><span class='ocrx_word' id='word_1_152' title='bbox 164 3899 197 3944; x_wconf 91' lang='lat' dir='ltr'>v.</span> <span class='ocrx_word' id='word_1_153' title='bbox 214 3879 244 3946; x_wconf 86' lang='grc'>6.</span> <span class='ocrx_word' id='word_1_154' title='bbox 277 3794 407 3962; x_wconf 49' lang='grc' dir='ltr'>(μύξῃ</span> <span class='ocrx_word' id='word_1_155' title='bbox 430 3879 571 3960; x_wconf 80' lang='lat' dir='ltr'>figura</span> <span class='ocrx_word' id='word_1_156' title='bbox 590 3877 666 3943; x_wconf 92' lang='lat' dir='ltr'>Dei</span> <span class='ocrx_word' id='word_1_157' title='bbox 692 3833 695 3919; x_wconf 48' lang='lat' dir='ltr'>l</span> <span class='ocrx_word' id='word_1_158' title='bbox 719 3877 778 3960; x_wconf 89' lang='lat' dir='ltr'>qui</span> <span class='ocrx_word' id='word_1_159' title='bbox 801 3895 882 3942; x_wconf 86' lang='lat' dir='ltr'>curn</span> <span class='ocrx_word' id='word_1_160' title='bbox 904 3877 940 3941; x_wconf 94' lang='lat' dir='ltr'>in</span> <span class='ocrx_word' id='word_1_161' title='bbox 962 3879 1075 3942; x_wconf 87' lang='lat' dir='ltr'>forma</span> <span class='ocrx_word' id='word_1_162' title='bbox 1099 3879 1165 3945; x_wconf 90' lang='lat' dir='ltr'>Dei</span> <span class='ocrx_word' id='word_1_163' title='bbox 1188 3887 1290 3965; x_wconf 89' lang='lat' dir='ltr'>esset,</span> 
     </span>
     <span class='ocr_line' id='line_1_32' title="bbox 97 3922 882 4066; baseline -0.004 -17"><span class='ocrx_word' id='word_1_164' title='bbox 97 3985 308 4050; x_wconf 85' lang='lat' dir='ltr'>constitutus</span> <span class='ocrx_word' id='word_1_165' title='bbox 321 4002 391 4047; x_wconf 92' lang='lat' dir='ltr'>non</span> <span class='ocrx_word' id='word_1_166' title='bbox 401 3984 562 4066; x_wconf 86' lang='lat' dir='ltr'>rapinam</span> <span class='ocrx_word' id='word_1_167' title='bbox 576 3982 665 4046; x_wconf 89' lang='lat' dir='ltr'>arbi·</span> <span class='ocrx_word' id='word_1_168' title='bbox 691 3922 693 4038; x_wconf 44' lang='lat' dir='ltr'><em>A</em></span> <span class='ocrx_word' id='word_1_169' title='bbox 762 4001 832 4046; x_wconf 90' lang='lat' dir='ltr'>non</span> <span class='ocrx_word' id='word_1_170' title='bbox 855 4000 882 4046; x_wconf 88' lang='lat' dir='ltr'>r.</span> 
     </span>
    </p>
   </div>
   <div class='ocr_carea' id='block_1_8' title="bbox 96 4121 1292 4630">
    <p class='ocr_par' dir='ltr' id='par_1_12' title="bbox 96 4121 1292 4630">
     <span class='ocr_line' id='line_1_33' title="bbox 204 4121 1292 4194; baseline 0.001 -17"><span class='ocrx_word' id='word_1_171' title='bbox 204 4124 226 4194; x_wconf 90' lang='lat'>¹)</span> <span class='ocrx_word' id='word_1_172' title='bbox 248 4125 307 4193; x_wconf 85' lang='lat'>183,</span> <span class='ocrx_word' id='word_1_173' title='bbox 324 4140 342 4193; x_wconf 87' lang='lat'>3</span> <span class='ocrx_word' id='word_1_174' title='bbox 359 4122 464 4178; x_wconf 88' lang='lat' dir='ltr'>testim.</span> <span class='ocrx_word' id='word_1_175' title='bbox 486 4139 535 4192; x_wconf 89' lang='lat'>117</span> <span class='ocrx_word' id='word_1_176' title='bbox 553 4139 579 4178; x_wconf 89' lang='lat' dir='ltr'>u.</span> <span class='ocrx_word' id='word_1_177' title='bbox 599 4123 659 4193; x_wconf 87' lang='lat'><strong>664,</strong></span> <span class='ocrx_word' id='word_1_178' title='bbox 678 4141 695 4192; x_wconf 89' lang='lat'><strong>4</strong></span> <span class='ocrx_word' id='word_1_179' title='bbox 713 4139 760 4192; x_wconf 92' lang='lat' dir='ltr'>ep.</span> <span class='ocrx_word' id='word_1_180' title='bbox 779 4122 824 4192; x_wconf 88' lang='lat'>58,</span> <span class='ocrx_word' id='word_1_181' title='bbox 841 4123 867 4190; x_wconf 87' lang='lat'>8,</span> <span class='ocrx_word' id='word_1_182' title='bbox 894 4138 941 4176; x_wconf 93' lang='lat' dir='ltr'>wo</span> <span class='ocrx_word' id='word_1_183' title='bbox 960 4121 1032 4176; x_wconf 88' lang='lat' dir='ltr'>aber</span> <span class='ocrx_word' id='word_1_184' title='bbox 1051 4121 1096 4176; x_wconf 83' lang='lat' dir='ltr'>fdr</span> <span class='ocrx_word' id='word_1_185' title='bbox 1114 4121 1198 4176; x_wconf 90' lang='lat' dir='ltr'>vobis</span> <span class='ocrx_word' id='word_1_186' title='bbox 1216 4123 1292 4178; x_wconf 90' lang='lat' dir='ltr'>steht</span> 
     </span>
     <span class='ocr_line' id='line_1_34' title="bbox 97 4208 1290 4282; baseline -0.001 -16"><span class='ocrx_word' id='word_1_187' title='bbox 97 4211 182 4266; x_wconf 90' lang='lat' dir='ltr'>nobis</span> <span class='ocrx_word' id='word_1_188' title='bbox 199 4212 258 4266; x_wconf 94' lang='lat' dir='ltr'>und</span> <span class='ocrx_word' id='word_1_189' title='bbox 276 4211 321 4265; x_wconf 83' lang='lat' dir='ltr'>liir</span> <span class='ocrx_word' id='word_1_190' title='bbox 339 4209 482 4282; x_wconf 86' lang='lat' dir='ltr'>spiritalia</span> <span class='ocrx_word' id='word_1_191' title='bbox 499 4209 663 4279; x_wconf 88' lang='lat' dir='ltr'>nequitiae:</span> <span class='ocrx_word' id='word_1_192' title='bbox 682 4209 802 4280; x_wconf 87' lang='lat' dir='ltr'>spiritus</span> <span class='ocrx_word' id='word_1_193' title='bbox 821 4226 916 4279; x_wconf 85' lang='lat' dir='ltr'>nequ,</span> <span class='ocrx_word' id='word_1_194' title='bbox 946 4208 993 4262; x_wconf 82' lang='lat' dir='ltr'>ldr</span> <span class='ocrx_word' id='word_1_195' title='bbox 1010 4209 1165 4264; x_wconf 87' lang='lat' dir='ltr'>candentia</span> <span class='ocrx_word' id='word_1_196' title='bbox 1183 4209 1290 4266; x_wconf 88' lang='lat' dir='ltr'>iacula:</span> 
     </span>
     <span class='ocr_line' id='line_1_35' title="bbox 96 4296 1289 4368; baseline 0.001 -16"><span class='ocrx_word' id='word_1_197' title='bbox 96 4297 189 4368; x_wconf 84' lang='lat' dir='ltr'>ignita</span> <span class='ocrx_word' id='word_1_198' title='bbox 207 4298 224 4353; x_wconf 90' lang='lat' dir='ltr'>i.</span> <span class='ocrx_word' id='word_1_199' title='bbox 243 4298 328 4368; x_wconf 87' lang='lat' dir='ltr'>steht,</span> <span class='ocrx_word' id='word_1_200' title='bbox 345 4297 488 4353; x_wconf 74' lang='lat' dir='ltr'>wahrend</span> <span class='ocrx_word' id='word_1_201' title='bbox 506 4298 582 4352; x_wconf 90' lang='lat' dir='ltr'>nach</span> <span class='ocrx_word' id='word_1_202' title='bbox 600 4306 660 4352; x_wconf 89' lang='lat' dir='ltr'>tota</span> <span class='ocrx_word' id='word_1_203' title='bbox 678 4314 773 4352; x_wconf 84' lang='lat' dir='ltr'>arma:</span> <span class='ocrx_word' id='word_1_204' title='bbox 793 4296 859 4352; x_wconf 91' lang='lat' dir='ltr'>Dei</span> <span class='ocrx_word' id='word_1_205' title='bbox 878 4297 937 4351; x_wconf 91' lang='lat' dir='ltr'>und</span> <span class='ocrx_word' id='word_1_206' title='bbox 949 4312 1004 4350; x_wconf 88' lang='lat' dir='ltr'>vor</span> <span class='ocrx_word' id='word_1_207' title='bbox 1021 4297 1209 4352; x_wconf 89' lang='lat' dir='ltr'>adsumentes</span> <span class='ocrx_word' id='word_1_208' title='bbox 1228 4315 1289 4353; x_wconf 91' lang='lat' dir='ltr'>scu·</span> 
     </span>
     <span class='ocr_line' id='line_1_36' title="bbox 97 4383 1291 4455; baseline 0 -15"><span class='ocrx_word' id='word_1_209' title='bbox 97 4395 158 4440; x_wconf 87' lang='lat' dir='ltr'>tum</span> <span class='ocrx_word' id='word_1_210' title='bbox 177 4385 210 4440; x_wconf 93' lang='lat' dir='ltr'>in</span> <span class='ocrx_word' id='word_1_211' title='bbox 229 4385 392 4440; x_wconf 85' lang='lat' dir='ltr'>omnibus</span> <span class='ocrx_word' id='word_1_212' title='bbox 411 4385 516 4440; x_wconf 86' lang='lat' dir='ltr'>sehlen.</span> <span class='ocrx_word' id='word_1_213' title='bbox 536 4414 569 4423; x_wconf 91' lang='lat'>—</span> <span class='ocrx_word' id='word_1_214' title='bbox 588 4386 610 4446; x_wconf 83' lang='lat' dir='ltr'>&#39;l</span> <span class='ocrx_word' id='word_1_215' title='bbox 629 4386 690 4455; x_wconf 88' lang='lat'><em>788,</em></span> <span class='ocrx_word' id='word_1_216' title='bbox 707 4403 724 4454; x_wconf 86' lang='lat'>4</span> <span class='ocrx_word' id='word_1_217' title='bbox 743 4401 789 4455; x_wconf 88' lang='lat' dir='ltr'>ep.</span> <span class='ocrx_word' id='word_1_218' title='bbox 808 4401 851 4455; x_wconf 82' lang='lat'>73,</span> <span class='ocrx_word' id='word_1_219' title='bbox 871 4401 903 4454; x_wconf 88' lang='lat'>14</span> <span class='ocrx_word' id='word_1_220' title='bbox 910 4401 917 4451; x_wconf 88' lang='lat'>;</span> <span class='ocrx_word' id='word_1_221' title='bbox 945 4383 1130 4454; x_wconf 84' lang='lat' dir='ltr'>angefangen</span> <span class='ocrx_word' id='word_1_222' title='bbox 1149 4401 1208 4438; x_wconf 93' lang='lat' dir='ltr'>von</span> <span class='ocrx_word' id='word_1_223' title='bbox 1226 4385 1291 4440; x_wconf 90' lang='lat' dir='ltr'>sive</span> 
     </span>
     <span class='ocr_line' id='line_1_37' title="bbox 97 4471 1285 4543; baseline 0.003 -18"><span class='ocrx_word' id='word_1_224' title='bbox 97 4488 152 4542; x_wconf 87' lang='lat' dir='ltr'>per</span> <span class='ocrx_word' id='word_1_225' title='bbox 170 4489 230 4526; x_wconf 90' lang='lat' dir='ltr'><strong>occ.</strong></span> <span class='ocrx_word' id='word_1_226' title='bbox 249 4473 347 4543; x_wconf 87' lang='lat' dir='ltr'>bringt</span> <span class='ocrx_word' id='word_1_227' title='bbox 360 4473 475 4527; x_wconf 89' lang='lat' dir='ltr'>-aber</span> <span class='ocrx_word' id='word_1_228' title='bbox 493 4471 572 4526; x_wconf 91' lang='lat' dir='ltr'>beim</span> <span class='ocrx_word' id='word_1_229' title='bbox 591 4471 722 4526; x_wconf 87' lang='lat' dir='ltr'>Verbum</span> <span class='ocrx_word' id='word_1_230' title='bbox 740 4473 798 4527; x_wconf 92' lang='lat' dir='ltr'>den</span> <span class='ocrx_word' id='word_1_231' title='bbox 817 4471 876 4526; x_wconf 92' lang='lat' dir='ltr'>lnd.</span> <span class='ocrx_word' id='word_1_232' title='bbox 896 4479 965 4526; x_wconf 91' lang='lat' dir='ltr'>statt</span> <span class='ocrx_word' id='word_1_233' title='bbox 982 4471 1036 4526; x_wconf 91' lang='lat' dir='ltr'>des</span> <span class='ocrx_word' id='word_1_234' title='bbox 1055 4471 1246 4542; x_wconf 86' lang='lat' dir='ltr'>Conjunktivs</span> <span class='ocrx_word' id='word_1_235' title='bbox 1257 4503 1285 4514; x_wconf 71' lang='lat'>-·</span> 
     </span>
     <span class='ocr_line' id='line_1_38' title="bbox 98 4558 1125 4630; baseline -0.002 -16"><span class='ocrx_word' id='word_1_236' title='bbox 98 4559 200 4614; x_wconf 90' lang='lat' dir='ltr'>diesen</span> <span class='ocrx_word' id='word_1_237' title='bbox 219 4559 295 4615; x_wconf 88' lang='lat' dir='ltr'>Vers</span> <span class='ocrx_word' id='word_1_238' title='bbox 314 4558 387 4614; x_wconf 88' lang='lat' dir='ltr'>auch</span> <span class='ocrx_word' id='word_1_239' title='bbox 405 4562 465 4629; x_wconf 82' lang='lat'>823,</span> <span class='ocrx_word' id='word_1_240' title='bbox 484 4577 500 4630; x_wconf 90' lang='lat'><strong>7</strong></span> <span class='ocrx_word' id='word_1_241' title='bbox 519 4577 565 4630; x_wconf 92' lang='lat' dir='ltr'>ep.</span> <span class='ocrx_word' id='word_1_242' title='bbox 584 4575 627 4630; x_wconf 88' lang='lat'>75,</span> <span class='ocrx_word' id='word_1_243' title='bbox 644 4576 688 4614; x_wconf 89' lang='lat'>20.</span> <span class='ocrx_word' id='word_1_244' title='bbox 707 4589 735 4599; x_wconf 92' lang='lat'>-</span> <span class='ocrx_word' id='word_1_245' title='bbox 759 4562 779 4628; x_wconf 80' lang='lat'>⁸)</span> <span class='ocrx_word' id='word_1_246' title='bbox 798 4576 859 4629; x_wconf 87' lang='lat'>301,</span> <span class='ocrx_word' id='word_1_247' title='bbox 877 4577 895 4613; x_wconf 83' lang='lat'>2</span> <span class='ocrx_word' id='word_1_248' title='bbox 914 4560 951 4614; x_wconf 88' lang='lat' dir='ltr'>de</span> <span class='ocrx_word' id='word_1_249' title='bbox 969 4559 1082 4615; x_wconf 84' lang='lat' dir='ltr'>mortal.</span> <span class='ocrx_word' id='word_1_250' title='bbox 1101 4576 1125 4630; x_wconf 88' lang='lat'>7.</span> 
     </span>
    </p>
   </div>
   <div class='ocr_carea' id='block_1_9' title="bbox 0 0 1606 5048">
    <p class='ocr_par' dir='ltr' id='par_1_13' title="bbox 0 0 1606 5048">
     <span class='ocr_line' id='line_1_39' title="bbox 0 0 1606 5048; baseline 0 0"><span class='ocrx_word' id='word_1_251' title='bbox 0 0 1606 5048; x_wconf 95' lang='lat' dir='ltr'> </span> 
     </span>
    </p>
   </div>
  </div>
 </body>
</html>
