3236 5056
899 335 943 402 la

818 429 1025 440 ——..——-

468 632 739 720 Cyprianus
1131 633 1342 720 Vulgata
1599 737 1600 760 Χ

512 862 597 947 Cap.
622 864 702 931 XII.
920 805 923 943 Ι

388 984 423 1029 v.
446 966 477 1032 8.
523 969 592 1049 qui
622 970 815 1034 confessus
838 989 894 1035 me
920 982 922 1005 ¹
949 967 1070 1047 omnis,
1095 968 1179 1050 quia
1202 968 1245 1033 cf.
1269 968 1316 1035 fu.
1339 986 1397 1033 me

323 1070 428 1134 fucrit
461 1089 580 1137 coram
611 1075 818 1153 hominibus,
851 1079 895 1138 et
948 1077 984 1137 et
1006 1072 1097 1136 filius
1120 1070 1270 1136 hominis
1293 1073 1519 1137 confitebitur

324 1179 894 1256 ogoconfiteboreumcoram
990 1176 1089 1240 illum
1121 1193 1242 1240 coram
1264 1176 1411 1258 Angelis
1440 1176 1518 1257 Dei,

323 1283 893 1366 patremeo,quiestincaeliS‚

385 1406 419 1451 v.
433 1386 463 1454 9.
488 1387 558 1470 qui
581 1391 720 1453 autem
742 1407 803 1452 me
826 1407 893 1452 ne·
947 1384 1518 1467 quiantemnegaveritmeooram

324 1492 510 1572 gaverit,
545 1497 585 1557 et
619 1511 694 1575 ego
726 1494 892 1575 negabo
979 1488 1517 1573 homiuibusnegabitureoram

324 1612 425 1659 eum.
441 1594 467 1680 ¹)
804 1655 805 1658 ,
982 1594 1127 1677 Angelis
1150 1594 1227 1664 Dei.

387 1717 421 1764 v.
443 1696 495 1768 20,
543 1698 632 1764 dixit
679 1704 797 1764 autem
841 1701 893 1764 illi

322 1801 437 1868 Deus:
460 1804 576 1885 stulte,
600 1805 670 1868 hac
692 1811 796 1871 nocte
819 1826 893 1872 ex-

325 1908 566 1989 postulatur
621 1909 759 1972 anima
814 1914 892 1974 tua.
948 1906 1103 1971 animam
1127 1911 1517 1990 tuamrepetuntate
1600 1875 1601 1958 Ῠ

327 2028 418 2092 quae
459 2029 556 2093 ergo
595 2013 749 2094 parasti,
794 2015 893 2079 cuius
947 2019 1066 2078 autem

323 2113 452 2178 erunt?
469 2113 498 2198 ²)

388 2235 422 2281 v.
440 2216 491 2284 33.
522 2219 675 2300 vendite,
699 2241 791 2303 quac
814 2242 892 2306 pos-

322 2323 892 2409 cidetiS,etdaleelecmosynamb.

387 2445 420 2491 V.
446 2429 498 2493 35.
544 2431 614 2495 siut
637 2431 746 2495 lumbi
780 2435 892 2498 vestri

325 2533 515 2599 adcincti
552 2538 586 2598 et
631 2535 799 2600 lucernae
838 2555 889 2600 ar·
945 2534 1142 2617 praecincti

325 2637 480 2703 dentes*
945 2641 961 2676 *
984 2641 1018 2703 in
1043 2639 1205 2704 manibus
1228 2640 1359 2704 vestris

386 2761 421 2808 v.
445 2741 497 2809 36.
535 2749 570 2809 et
593 2763 657 2810 vos
680 2746 811 2810 similes
834 2746 891 2809 ho-

321 2845 471 2910 minibus
510 2850 798 2931 exspectantibus
827 2849 891 2914 Do-

321 2949 452 3030 minum
469 2970 579 3034 suum,
590 2953 891 3036 quandoveniat
945 2955 1150 3016 revertatur

322 3073 344 3118 a
366 3056 507 3138 nuptiis
531 3062 568 3121 ut
591 3076 671 3122 cuim
695 3062 833 3125 venerit
857 3068 892 3126 et

321 3159 549 3242 pulsaverit*
574 3164 738 3244 aperiant
761 3165 847 3229 illi.
862 3164 890 3252 ⁴)
944 3161 960 3196 '¹‘
985 3162 1171 3226 confestim
1282 3162 1314 3226 ei

386 3282 419 3331 v.
444 3265 497 3330 47.
531 3266 590 3330 ille
614 3273 732 3332 autem
756 3289 890 3352 seruus,

323 3368 382 3449 qui
414 3373 632 3452 cognoscit
671 3373 890 3438 voluntatem
945 3372 1112 3453 cognovit

322 3473 452 3537 domini
476 3475 528 3540 sui
552 3482 586 3540 et
609 3495 679 3540 non
698 3479 892 3559 paruerit
944 3475 1177 3559 praeparavit
1201 3480 1236 3540 et
1258 3494 1328 3538 non
1351 3475 1436 3540 fecit
1459 3493 1513 3539 se·

321 3578 496 3643 voluntati
563 3581 651 3661 eius,
705 3583 892 3664 vapulabit
988 3581 1140 3646 cundum
1177 3582 1397 3644 voluntatem
1427 3579 1512 3659 eius,

320 3682 459 3747 multas.
477 3681 506 3770 ⁵)
988 3687 1174 3770 vapulabit
1197 3685 1326 3750 multis

424 3925 444 3994 1)
463 3942 524 3996 252,
542 3944 558 3997 7
577 3929 614 3982 de
633 3929 689 4000 lap.
708 3947 751 3983 20.
771 3960 804 3968 -
822 3931 843 3997 ²)
864 3931 923 4000 165,
942 3945 957 4000 7
976 3938 1039 3984 test.
1051 3929 1096 3998 ΙΙΙ,
1111 3931 1160 3996 61;
1179 3929 1270 3999 desgl.
1290 3930 1327 3984 de
1345 3947 1392 4000 op.
1413 3938 1442 3984 et
1456 3928 1510 3982 ele.

322 4029 367 4081 133
385 4013 446 4082 383,
464 4031 549 4068 21.-—
561 4018 581 4084 ⁸)
603 4033 660 4086 113,
682 4033 693 4070 1
713 4025 776 4071 test
797 4017 842 4080 ΙΙΙ,
864 4035 886 4086 1,
910 4018 1021 4072 ebenso
1039 4019 1099 4087 378.
1117 4034 1152 4086 24
1170 4017 1207 4071 de
1225 4033 1264 4088 op
1291 4026 1321 4071 et
1338 4018 1391 4072 ele.
1412 4035 1437 4088 7,
1465 4035 1512 4072 wo

321 4117 396 4170 quae
415 4101 571 4171 possidetis
590 4104 725 4173 gegeben
744 4105 796 4159 mit
814 4122 863 4158 res
882 4113 1004 4159 vestras
1023 4133 1057 4144 -
1069 4106 1090 4172 ‘l
1109 4106 1153 4175 87,
1172 4121 1188 4175 7
1206 4113 1270 4160 test.
1291 4103 1322 4173 ll,
1344 4121 1383 4173 19,
1401 4105 1511 4160 ebenso

322 4202 379 4257 123,
398 4203 415 4258 5
433 4195 497 4242 test.
517 4189 561 4258 ΙΙΙ,
583 4207 621 4259 11,
643 4207 682 4259 13,
701 4209 748 4245 wo
767 4191 901 4262 aperiant
919 4191 1010 4246 durch
1029 4191 1169 4263 aperiatis
1188 4192 1331 4262 gegeben.
1368 4191 1510 4262 Dagegen

320 4275 397 4330 steht
414 4292 474 4346 233,
493 4293 510 4330 2
529 4277 566 4331 de
585 4279 658 4332 cath.
678 4279 782 4333 eccles,
802 4279 858 4333 uni.
877 4297 910 4350 27
930 4279 1042 4334 wieder
1061 4279 1195 4350 aperiant
1222 4279 1274 4334 mit
1293 4280 1361 4333 dem
1379 4277 1510 4334 Schluss·

321 4372 396 4418 satz:
414 4363 492 4418 beati
511 4365 591 4420 servi
609 4365 648 4420 illi
661 4383 734 4436 quos
753 4367 915 4422 adveniens
926 4367 1068 4422 Dominus
1078 4367 1224 4422 invenerit
1241 4367 1405 4437 vigilantes,
1424 4367 1510 4422 eben·

320 4468 352 4504 so
371 4467 431 4521 329,
453 4453 485 4505 16
502 4452 539 4505 ad
559 4451 705 4508 Fortunat.
725 4456 750 4508 8.
773 4486 799 4493 -
821 4458 841 4523 ⁶)
864 4471 921 4523 133,
939 4471 973 4507 22
991 4453 1088 4509 testim
1116 4454 1161 4524 ΙΙΙ,
1182 4473 1222 4525 19,
1240 4455 1330 4526 desgl.
1351 4455 1411 4526 496,
1429 4472 1445 4526 7
1464 4453 1510 4526 ep.

322 4555 362 4606 11,
380 4555 436 4593 nur
454 4539 543 4594 lautet
561 4539 614 4594 der
633 4539 763 4611 Anfang:
783 4558 889 4596 servus
907 4551 1004 4596 autem
1023 4542 1070 4597 ille
1089 4543 1146 4613 qui.
