3236 5056
436 613 707 702 Cyprianus
1097 613 1305 696 Vulgata

294 754 398 762 *—

294 765 398 772 —-

357 861 391 907 v.
408 841 437 908 8.
475 842 632 906 Reiioitis
654 842 861 906 mandatnm
916 842 1052 906 irritum
1062 841 1195 906 fecistis
1204 840 1410 905 mandatum
1420 839 1487 904 Dei
1591 826 1592 916 l

293 945 370 1026 Dei,
393 949 432 1010 ut
455 945 680 1010 traditionem
704 951 862 1010 vestram
918 950 1064 1028 propter
1080 945 1305 1010 traditionem
1318 948 1485 1011 vestram.
1591 933 1592 958 ³

293 1048 467 1114 statuatis
484 1046 510 1133 Ι)
1592 1036 1593 1126 l

354 1172 388 1218 u.
413 1153 464 1219 13.
511 1152 632 1220 Omnis
675 1155 861 1237 plantatio,
1431 1171 1433 1176 ·

296 1276 401 1342 quam
435 1277 505 1323 non
540 1259 720 1341 plantavit
760 1266 864 1345 pater

290 1365 862 1447 meusoaelestis,eradicabitur.²)

355 1488 390 1537 v,
416 1470 467 1534 14.
491 1469 599 1534 Caeci
622 1478 711 1554 sunt,
728 1471 862 1536 *dunos
915 1469 932 1504 *
956 1472 991 1533 et

293 1592 492 1642 caecorum.
555 1592 685 1640 caecus
743 1582 862 1639 autem

295 1697 467 1745 caecum
498 1679 656 1747 ducens
679 1681 802 1745 simul
825 1680 861 1743 in
915 1679 944 1742 si
975 1695 1084 1742 oaeoo
1119 1677 1286 1740 ducatum
1318 1679 1485 1758 praestet,
1595 1673 1596 1676 ’

291 1786 431 1851 foveam
455 1787 594 1853 eadent.
612 1785 640 1871 3)
959 1782 1063 1846 ambo
1086 1781 1108 1844 i.
1131 1781 1153 1847 f.
1179 1779 1312 1844 eadunt

469 1942 554 2027 Oap.
577 1941 672 2006 XVI.

354 2083 388 2130 v.
427 2065 479 2132 18.
545 2065 619 2146 Ego
660 2064 723 2128 tibi
770 2063 859 2145 dieo,
913 2058 957 2123 Et
980 2076 1045 2140 ogo
1069 2058 1147 2152 dico
1171 2057 1234 2122 tibi

290 2169 373 2252 quia
395 2175 433 2234 tu
465 2188 503 2235 es
525 2169 660 2248 Petrus,
695 2172 730 2232 et
752 2184 859 2252 super
949 2235 960 2240 ..

291 2273 417 2337 istam
435 2277 575 2357 petram
595 2270 791 2336 aedificabo
806 2287 859 2334 ee·
913 2265 1008 2330 hane

291 2376 436 2441 alesiam
459 2393 576 2441 meam
599 2378 635 2438 et
657 2377 782 2456 portae
802 2373 860 2436 in·
913 2371 1017 2436 inferi
1039 2390 1110 2436 non

291 2480 473 2544 ferorum
486 2496 557 2542 non
573 2477 755 2541 vineant
770 2495 859 2541 eam.
913 2477 1173 2559 praevalebunt
1195 2478 1368 2544 adversus
1391 2495 1471 2542 eam

357 2583 409 2650 19.
426 2584 517 2647 dabo
536 2583 600 2647 tibi
618 2582 740 2646 claves
756 2582 857 2663 regni
914 2586 949 2644 et
972 2580 1036 2644 tibi
1058 2580 1150 2644 dabo

291 2688 481 2770 caelorum,
504 2691 540 2752 et
563 2704 669 2769 quae
687 2686 859 2768 ligaveris
913 2685 1146 2766 quodeunque

289 2811 396 2876 super
412 2798 554 2871 terram,
580 2795 703 2856 erunt
725 2790 869 2871 ligata'
914 2786 981 2850 erit
1004 2787 1152 2870 ligatum
1176 2793 1211 2854 et

290 2897 326 2961 in
359 2897 482 2977 caelis,
516 2900 552 2962 et
584 2911 860 2978 quaeeunque
915 2892 1148 2975 quodeunque

290 3002 439 3068 solveris
462 3018 567 3085 super
590 3005 732 3081 terram,
757 3003 860 3062 erunt
915 2998 982 3062 erit
1004 2999 1165 3066 solutum.

290 3106 405 3170 soluta
429 3109 464 3169 et
486 3104 522 3169 in
546 3102 665 3168 caelis,
678 3100 703 3182 4)

461 3259 536 3342 Cap
570 3257 682 3324 XVII.

355 3382 388 3426 v.
414 3364 443 3428 6.
489 3363 533 3426 Et
577 3379 663 3427 aeae
703 3377 776 3423 vox
815 3359 858 3423 de

289 3466 382 3531 nube
414 3466 554 3530 dioens:
587 3465 646 3529 hio
679 3469 732 3528 est
768 3463 858 3527 filius

289 3589 388 3636 meus
408 3571 707 3650 dilectissimus
731 3569 766 3633 in
790 3587 858 3652 quo
911 3571 1070 3652 dilectus,
1093 3571 1129 3636 in
1152 3589 1220 3654 quo
1242 3571 1328 3636 mihi
1350 3572 1442 3638 bene

289 3674 380 3738 bene
403 3675 532 3755 sensi,
556 3674 670 3757 ipsum
693 3673 856 3753 audite.⁵)
911 3675 1110 3757 complacui

354 3779 456 3849 v.19.
492 3780 521 3844 si
539 3778 733 3844 habueritis
751 3777 856 3842 fidem

289 3886 495 3965 tamquam
528 3901 679 3966 granum
713 3883 855 3966 sinapis
910 3883 1000 3947 siout

394 4073 413 4139 1)
432 4073 492 4138 168,
509 4073 527 4126 6
546 4073 583 4126 de
601 4072 678 4126 dom.
697 4079 769 4126 orat.
787 4086 813 4124 a.
841 4100 871 4109 -
901 4075 921 4138 2)
939 4073 1000 4142 619,
1018 4087 1053 4140 23
1071 4071 1155 4142 epist.
1174 4088 1216 4142 52,
1239 4090 1264 4143 4.
1301 4074 1400 4146 Desgl.
1420 4093 1480 4147 792,

291 4160 324 4213 18
342 4157 425 4228 epist.
444 4176 486 4230 73,
508 4161 547 4213 18.
576 4186 608 4196 —
637 4160 657 4226 8)
676 4173 736 4228 225,
763 4173 799 4226 23
816 4157 853 4211 de
879 4158 952 4212 cath.
981 4160 1049 4214 eccl.
1077 4158 1134 4215 uni.
1155 4175 1194 4230 17.
1231 4160 1330 4232 Desgl.
1358 4178 1418 4233 594,
1448 4182 1481 4236 13

289 4246 435 4316 epist.‚43,
461 4261 486 4315 5.
512 4275 544 4284 --
566 4247 588 4313 ⁴)
607 4247 702 4312 212,ss
725 4247 762 4300 de
785 4245 887 4300 cathol.
911 4246 980 4300 eccl.
1002 4247 1058 4303 uni.
1077 4265 1101 4317 4.
1150 4247 1249 4318 Desgl.
1272 4249 1333 4320 566,
1360 4251 1479 4321 4epist.

289 4349 375 4402 33,1,
403 4349 458 4387 nur
476 4332 554 4386 steht
577 4341 645 4386 statt
669 4331 743 4386 dabo
767 4331 830 4386 tibi:
859 4341 888 4386 et
910 4331 961 4387 tibi
985 4333 1070 4401 dabo,
1094 4334 1236 4390 wahrend
1261 4335 1478 4409 inep.75,16,

289 4437 316 4496 ρ.
335 4420 397 4483 820,
415 4421 450 4473 28
468 4419 521 4472 der
541 4417 661 4473 Schluss
679 4418 782 4472 lautet:
810 4418 1009 4491 Quaecunque
1027 4421 1167 4490 ligaveris
1185 4439 1275 4493 super
1293 4433 1404 4478 terram
1423 4434 1477 4480 etc.

288 4508 309 4574 1)
328 4507 371 4576 46,
391 4521 423 4576 15
441 4505 546 4561 testim.
566 4504 585 4574 l,
605 4521 644 4560 1ο.
682 4504 780 4576 Desgl.
800 4523 860 4576 712,
881 4524 916 4561 ao
935 4506 1017 4578 epist.
1036 4509 1079 4579 63,
1101 4527 1139 4579 14.
1414 4511 1417 4516 '
