3236 5056
419 685 692 772 Cyprianus
855 640 857 644 ι
1085 681 1288 765 Vulgata

276 921 459 982 mestura
475 913 847 979 exterminatetubi

273 1021 369 1086 fures
391 1037 462 1083 non
490 1017 668 1086 effodiunt.
695 1018 712 1056 e
901 1015 918 1054 ⁸²
943 1017 1196 1081 necfurantur

338 1122 847 1190 2l.ubienimfueritthesau-
900 1125 954 1185 est
976 1121 1055 1185 thes

273 1245 333 1292 rus
365 1231 455 1308 tuus,
486 1226 579 1290 illic
610 1227 694 1292 erit
727 1232 763 1292 et
786 1245 848 1291 cor
900 1225 949 1289 ibi
972 1230 1025 1290 ost

277 1335 387 1396 tuum.
403 1329 427 1410 ¹)

341 1454 375 1501 v.
399 1433 451 1502 24.
492 1431 570 1500 Non
593 1434 741 1517 potestis
765 1435 848 1499 duo·
901 1453 1004 1499 nemo
1028 1439 1153 1517 potest.

274 1539 340 1603 bus
363 1539 512 1604 dominis
535 1539 682 1606 servire.
698 1538 727 1625 2)

343 1682 378 1728 v,
393 1661 445 1732 26.
478 1663 670 1746 Aspicite
688 1663 849 1728 volatilia
901 1660 1069 1743 respicite

280 1769 385 1851 caeli,
421 1770 587 1853 quoniam
620 1788 690 1834 non
728 1769 849 1848 semi·
901 1769 1022 1828 serunt

278 1879 375 1938 nant
411 1892 526 1957 noque
561 1876 697 1938 metunt
732 1889 847 1954 neque

275 1979 484 2061 colligunt
497 1973 532 2040 in
543 1976 672 2040 horrea
689 1979 724 2040 et
744 1979 848 2058 pater
902 1977 1122 2055 congregant

275 2086 395 2147 vester
426 2079 591 2145 caelestis
624 2078 741 2162 pascit
774 2079 846 2142 illa.

273 2204 390 2250 nonne
409 2203 473 2250 vos
492 2186 583 2268 plus
605 2185 690 2250 estis
710 2184 802 2249 illis?
815 2183 845 2270 ³)
902 2183 1025 2264 magis,
1048 2183 1159 2265 pluris

338 2325 373 2374 v.
406 2307 458 2374 31.
527 2307 644 2372 Nolite
689 2306 848 2388 cogitare
902 2305 1010 2385 nolite
1034 2323 1118 2387 ergo
1141 2305 1283 2370 solliciti
1302 2323 1378 2371 esse
1402 2307 1470 2372 d..

275 2412 446 2476 dicentes:
480 2411 563 2494 quid
588 2411 762 2476 edemus
786 2419 848 2476 aut
903 2409 986 2491 quid
1008 2409 1300 2473 manducabimus

276 2515 359 2598 quid
413 2515 562 2579 libemus
619 2519 681 2579 aut
726 2513 848 2596 quid
903 2531 989 2595 quo
1013 2513 1212 2596 operiemur

276 2619 536 2684 vestiemur?

340 2721 391 2789 32.
402 2723 493 2788 haec
507 2722 601 2786 enim
618 2721 848 2786 *nationes
905 2719 1051 2786 *omnia
1073 2725 1197 2802 gentes
1220 2721 1410 2804 inquirunt.

276 2832 497 2908 quaerunt;
530 2826 596 2890 soit
630 2827 722 2890 enim
746 2830 849 2909 pater

276 2935 416 3012 vester,
455 2931 537 3014 quia
568 2931 737 2995 horum
761 2949 849 2994 om·
903 2929 957 2994 his
980 2930 1139 2995 omnibus

276 3035 389 3099 nium
412 3034 587 3117 indigetis

343 3138 394 3204 33.
414 3137 849 3222 quaeritel‘primumreg-
905 3136 1022 3220 *ergo

276 3262 360 3308 num
393 3248 432 3308 et
463 3243 673 3308 iustitiam
704 3244 779 3310 Doi
814 3251 849 3310 et
903 3259 1050 3325 rognum
1070 3242 1135 3307 Dei
1154 3243 1374 3309 etiustitiam
1398 3245 1473 3309 eius

278 3349 369 3413 haec
422 3348 540 3413 omnia
588 3348 850 3431 adponentur
904 3347 1124 3412 adlicientur.

278 3452 429 3540 vobisf)

344 3575 397 3642 34.
442 3574 581 3640 Nolite
618 3574 660 3639 in
698 3575 850 3640 crasti—
903 3575 1011 3639 nolite
1035 3591 1118 3657 ergo
1142 3575 1282 3640 solliciti
1306 3595 1382 3641 esse
1405 3577 1471 3646 ic.

279 3699 374 3747 num
420 3681 629 3763 cogitare:
674 3681 849 3746 crastinus

280 3785 373 3850 enim
409 3785 484 3848 dies
517 3783 609 3867 ipse
643 3783 850 3867 cogitabit
903 3783 1059 3848 solicitus
1082 3783 1149 3848 erit
1172 3783 1237 3848 sibi
1260 3784 1327 3868 ipsi

280 3889 370 3955 sibi.
386 3888 587 3954 sufficitdiei
596 3889 733 3954 malitia
742 3888 849 3975 sual)

280 4056 488 4068 -ι-ιι-ο

385 4151 406 4216 ¹)
424 4149 485 4220 378,
502 4162 537 4218 25
555 4179 588 4187 -
607 4148 644 4202 de
663 4165 710 4218 op.
729 4156 759 4203 et
777 4149 830 4204 ele.
850 4167 874 4221 7.
916 4168 943 4207 v.
962 4167 997 4206 2ο
1020 4168 1045 4206 ιι.
1069 4167 1101 4205 21
1130 4150 1230 4206 finden
1257 4151 1319 4206 sich
1348 4151 1421 4207 auch
1441 4183 1474 4192 -—

280 4235 356 4290 ohne
375 4244 473 4291 autem
492 4236 566 4290 nach
594 4235 789 4291 thesaurizate
807 4267 841 4277 —
862 4255 919 4308 111,
938 4255 962 4307 3.
982 4237 1089 4292 testim.
1107 4237 1152 4308 111,
1173 4255 1194 4292 1.
1221 4269 1256 4277 -
1286 4238 1307 4308 ¹)
1327 4255 1387 4310 257,
1405 4257 1422 4294 2
1440 4271 1470 4280 -

280 4324 317 4378 de
336 4324 392 4394 lap.
411 4340 454 4394 27.
485 4354 516 4364 -
543 4325 564 4392 ⁸)
586 4339 644 4398 123,
662 4338 687 4375 2.
708 4357 740 4364 -
760 4324 866 4379 testim.
884 4323 929 4394 Ill,
956 4341 985 4379 11
993 4342 1001 4393 ;
1029 4323 1103 4379 auch
1126 4325 1186 4394 382,
1212 4342 1244 4378 12
1266 4355 1299 4363 -·
1323 4327 1360 4379 de
1378 4343 1424 4397 op.
1445 4337 1475 4381 et

281 4411 334 4466 ele.
355 4427 396 4480 11,
414 4427 469 4466 nur
487 4410 564 4464 steht
582 4409 627 4464 fiir
646 4409 756 4481 pascit:
780 4411 831 4466 alit
849 4412 907 4466 und
926 4411 973 4467 sllr
991 4412 1070 4483 plus:
1090 4411 1188 4482 pluris
1208 4441 1241 4450 -
1259 4414 1281 4481 ⁴)
1303 4429 1360 4482 122,
1381 4430 1412 4483 17
1440 4445 1474 4452 -

281 4497 386 4552 testim.
406 4497 453 4568 lll,
474 4514 505 4551 11
512 4513 520 4565 ;
550 4497 661 4552 ebeuso
679 4499 739 4567 381,
758 4515 775 4569 5
799 4499 893 4554 -de
916 4517 962 4571 op.
987 4508 1016 4554 et
1043 4499 1097 4553 ele.
1115 4516 1141 4569 9,
1168 4515 1223 4554 nur
1250 4507 1318 4553 statt
1345 4499 1475 4570 primum

280 4586 376 4658 primo
394 4587 453 4642 und
472 4594 540 4642 statt
558 4586 631 4642 haee
649 4585 748 4640 omnia
759 4585 873 4654 „omnia
882 4586 962 4642 ista“.
974 4619 1008 4628 -
1017 4587 1039 4658 ¹)
1050 4587 1111 4656 281,
1124 4604 1154 4641 11
1166 4589 1246 4643 —de
1258 4589 1334 4644 dom.
1346 4596 1418 4644 orat.
1431 4604 1474 4658 19.
