3198 5048
685 330 728 400 93

258 622 525 712 Cyprianus
916 627 1123 712 Vulgata

174 849 227 917 21.
251 836 392 936 lugeam
411 856 539 919 multos
558 873 603 920 ex
615 855 679 936 his,

104 956 168 1038 qui
191 960 275 1022 ante
293 962 536 1041 peecaverunt
555 965 589 1022 et
607 977 677 1022 non

104 1065 258 1143 egerunt
268 1060 523 1144 paenitentiam
543 1063 595 1128 de
608 1063 679 1128 im·
733 1079 839 1146 super
861 1063 1083 1128 immunditia
1102 1067 1137 1128 et
1155 1063 1304 1138 fornica·

104 1165 327 1232 munditiis
334 1217 342 1249 ,
383 1185 471 1250 quas
507 1168 678 1248 fecerunt,
776 1167 871 1231 tione
894 1172 929 1231 et
945 1167 1174 1250 impudicitia,
1197 1185 1303 1250 quam

105 1274 143 1333 et
187 1269 478 1335 fornicationibus
525 1276 560 1337 et
605 1272 680 1336 libi·
775 1278 970 1356 gesserunt.
1220 1287 1223 1292 ’

105 1373 258 1441 dinibus.
275 1372 299 1456 ¹)

459 1584 645 1690 [nistera
676 1586 728 1675 ad
761 1584 948 1676 Galatas.

320 1776 406 1862 (lap.
431 1779 460 1846 1.

172 1919 207 1971 v.
222 1900 252 1968 6.
276 1901 395 1982 miror,
419 1903 511 1985 quod
535 1902 587 1966 sio
605 1906 679 1966 tam

105 2005 178 2070 eito
230 2006 500 2072 demutamini
543 2005 588 2071 ab
627 2024 678 2088 e0,
734 2005 988 2072 transferimini

104 2109 167 2192 qui
190 2128 255 2174 vos
277 2111 424 2174 vocavit
445 2109 482 2175 in
504 2111 677 2194 gratiam*
735 2109 752 2148 ³⁸
777 2109 907 2176 Christi

104 2214 164 2279 ad
188 2215 284 2279 aliud
306 2215 551 2298 Evangelium,
731 2216 767 2280 in

172 2317 202 2384 7.
248 2319 341 2401 quod
372 2337 443 2384 non
477 2322 531 2385 est
561 2320 677 2387 aliud:

104 2422 175 2486 nisi
198 2422 236 2486 si
258 2427 339 2488 sunt
362 2423 481 2506 aliqui,
517 2424 577 2508 qui
612 2444 676 2490 vos
732 2424 761 2488 si
783 2425 872 2490 fehlt

103 2526 280 2590 turbant
312 2530 347 2592 et
383 2528 508 2592 volunt
531 2546 677 2595 eonver—
732 2529 948 2593 conturbant

103 2635 183 2697 tere
207 2631 433 2714 evangelium
457 2630 597 2698 Christi.

172 2736 203 2803 8.
248 2737 310 2802 sed
332 2735 417 2801 lieet
438 2754 502 2800 nos
525 2741 587 2802 aut
618 2757 677 2803 au-

103 2840 206 2923 gelus
230 2841 274 2905 de
296 2843 397 2906 eaelo
420 2842 569 2907 aliter
601 2845 677 2908 ad·
733 2839 957 2922 evangelizet
979 2840 1081 2904 vobis

103 2944 273 3010 nuntiet
304 2950 556 3030 praeterquam
584 2949 677 3030 quod

104 3049 452 3115 adnuntiavimus
466 3051 578 3132 vobis,
593 3069 677 3118 ana·
732 3050 1056 3132 evangelizavimus

104 3155 227 3219 thema
250 3154 304 3218 sit.

172 3257 203 3324 9.
249 3258 341 3322 siout
362 3258 618 3341 praediximus,
641 3264 677 3324 et

103 3381 201 3428 nuno
236 3363 370 3430 iterum
398 3361 496 3429 dieo:
531 3361 561 3426 si
598 3363 674 3446 quis

103 3465 675 3551 vobisadnuntiaveritprae-
732 3468 1036 3549 evangelizaverit
1080 3474 1225 3551 praeter
1256 3470 1302 3553 id,

103 3579 296 3653 terquam
332 3571 438 3653 quod
477 3572 674 3654 accepistin,
775 3571 867 3654 quod

104 3675 299 3740 anathema
321 3677 376 3740 sit.
389 3675 415 3756 2)

167 3799 201 3846 v.
217 3780 267 3848 10.
291 3781 321 3845 si
341 3781 358 3817 '¹‘
381 3780 579 3845 hominibus
602 3783 676 3864 pla·
733 3780 749 3818 ’¹‘
775 3780 893 3844 adhue

105 3903 235 3967 cerem,
259 3903 406 3950 servus
430 3883 583 3951 Christi
605 3905 675 3952 non
731 3885 903 3967 Stellung:
928 3883 1058 3951 Christi
1080 3904 1204 3951 servus

105 4007 230 4055 essem.
246 3989 275 4075 3)

211 4184 230 4252 ¹)
249 4184 310 4254 644,
331 4199 362 4253 17
381 4199 427 4252 ep.
448 4198 487 4252 15,
507 4183 549 4236 26.
576 4212 610 4221 -
637 4183 659 4250 ¹)
677 4195 738 4252 543,
756 4197 791 4236 20
810 4198 857 4252 ep.
875 4196 918 4251 27,
936 4195 961 4250 3,
988 4180 1099 4234 ebenso
1119 4197 1179 4250 709,
1202 4198 1233 4234 11
1253 4198 1299 4252 ep.

104 4273 148 4342 63,
169 4288 210 4340 10,
237 4287 285 4325 wo
303 4270 403 4325 indess
420 4269 465 4324 thr
493 4269 522 4324 in
540 4269 677 4340 gratiam:
696 4269 734 4323 ad
753 4268 886 4340 gratiam,
914 4267 960 4323 fiir
979 4269 1108 4323 turbant:
1128 4268 1301 4323 conturbant

105 4358 163 4412 und
183 4365 252 4412 statt
270 4358 355 4412 aliter
373 4357 534 4412 adnuntiet:
554 4356 803 4427 evangelizaverit
830 4355 913 4412 steht
942 4386 977 4396 -
1004 4358 1026 4423 ⁸)
1048 4371 1106 4425 190,
1125 4371 1160 4425 23
1178 4355 1215 4410 de
1234 4355 1299 4411 hab.

106 4445 180 4516 virg.
198 4461 225 4516 5,
252 4445 362 4500 ebenso
379 4446 441 4515 478,
459 4461 477 4514 3
494 4462 541 4514 ep.
559 4463 585 4514 4,
602 4461 628 4516 5,
655 4461 703 4499 wo
721 4460 826 4500 servus
844 4444 919 4500 nach
938 4443 1045 4499 Christi
1063 4443 1140 4498 steht
1159 4443 1187 4497 in
1207 4430 1300 4499 Uber·

106 4531 314 4604 einstimmung
332 4532 385 4588 mit
401 4548 461 4603 714,
479 4550 497 4602 4
514 4549 560 4604 ep.
579 4532 622 4602 63,
643 4547 675 4603 15
693 4532 752 4586 und
770 4531 822 4586 mit
839 4531 900 4603 675,
922 4548 954 4602 17
973 4549 1020 4602 ep.
1038 4533 1082 4602 58,
1101 4533 1126 4587 a
