3236 5056
253 673 525 760 Cyprianus
914 675 1122 758 Vulgata

932 813 1306 831 ..m

215 973 218 980 ¹
277 899 363 983 Cap.
387 901 518 967 XXlV.

173 1004 287 1070 644.
332 1005 405 1069 1661
449 1009 547 1071 6666
591 1025 682 1072 ser·
736 1007 827 1071 haee
850 1010 931 1072 sunt
952 1008 1074 1090 verba,
1098 1025 1189 1089 quae

96 1128 265 1190 mones,
306 1128 393 1192 quos
429 1111 568 1176 locutus
605 1130 682 1178 sum

97 1213 150 1277 ad
187 1231 263 1295 666,
309 1231 390 1279 eum
427 1215 545 1280 adhue
569 1234 683 1283 essem

97 1316 315 1396 vobiscum,
372 1318 467 1400 quia
512 1324 682 1403 oportet
738 1319 903 1400 quoniam
926 1337 1071 1384 neeesse
1094 1325 1148 1386 est
1170 1320 1308 1402 impleri

98 1419 340 1502 adimpleri
364 1423 514 1486 omnia*
548 1424 682 1507 scripta
739 1421 756 1459 '⁸'
781 1441 872 1504 quae
895 1423 1028 1511 scripta
1051 1431 1131 1488 sunt

97 1522 138 1586 in
176 1523 257 1604 lege
280 1524 394 1606 Moysi
431 1530 466 1590 et
501 1527 682 1610 prophetis

99 1633 140 1692 et
167 1629 315 1710 psalmis
338 1631 382 1696 de
400 1649 468 1698 me.

174 1733 227 1799 45.
274 1737 359 1799 6666
422 1735 684 1819 adaperuit
738 1735 876 1817 aperuit

99 1838 179 1902 illis
200 1857 358 1920 sensum,
383 1843 421 1904 ut
444 1839 684 1923 intelligerent

100 1943 317 2026 scripturae,

174 2045 227 2112 46.
274 2051 310 2112 et
333 2047 423 2112 dixit
446 2035 547 2116 illis:
580 2049 681 2132 quia
739 2045 799 2128 eis,
822 2046 989 2129 quoniam
1011 2047 1063 2113 sie

102 2151 282 2235 seriptum
349 2151 444 2216 est*
505 2150 681 2218 Christum
740 2152 817 2218 *et
840 2154 891 2218 sio
914 2154 1101 2238 oportebat

102 2253 195 2339 pati,
219 2258 255 2318 et
282 2272 469 2336 resurgere
493 2273 515 2319 6
538 2258 684 2323 mortuis

103 2358 217 2424 666616
241 2358 310 2440 (116,

174 2463 229 2530 47.
275 2469 311 2528 66
342 2464 603 2546 praedicarim
625 2484 684 2532 no-

106 2568 208 2634 mine
246 2567 320 2633 eius
357 2567 613 2650 paenitentiam
650 2573 685 2634 et

104 2673 286 2739 remissa
306 2676 536 2756 peecatorum
555 2693 684 2757 usque
738 2679 773 2738 et
795 2674 1047 2758 remissionem,
1096 2693 1206 2758 usque
1221 2675 1310 2740 fehlt

105 2781 146 2844 in
170 2796 293 2843 omnes
316 2782 450 2860 gentes.
467 2775 492 2856 1)

285 3003 552 3111 [6666611666
583 3005 821 3094 secundum
852 3029 889 3093 s.
912 3006 1135 3096 loannem.

331 3195 416 3282 Cap.
441 3197 468 3262 Ι.

177 3320 267 3386 v.1.
313 3319 355 3384 In
394 3309 567 3404 principio
608 3325 686 3388 6666

108 3425 272 3506 verbum,
288 3428 323 3488 et
338 3423 487 3489 verbum
502 3427 580 3490 6666
592 3426 686 3509 apud

109 3529 228 3594 Deum
251 3533 287 3594 et
305 3529 401 3594 Deus
425 3533 503 3594 6666
525 3531 685 3599 verbum.

178 3633 209 3699 2.
254 3635 323 3698 hoe
345 3639 424 3700 eret
446 3634 482 3699 in
511 3633 685 3718 principio

111 3738 209 3821 apud
232 3737 357 3803 Deum.

179 3842 209 3909 3.
233 3842 351 3908 omnia
369 3859 433 3926 per
452 3841 566 3925 ipsum
586 3843 684 3908 faeta

112 3954 194 4014 sunt
218 3953 253 4015 et
276 3943 351 4012 sine
373 3947 449 4031 ipso
472 3947 607 4010 1666666
631 3957 685 4012 666

112 4053 201 4118 nihil
224 4052 318 4134 quod
338 4052 472 4116 fectum
495 4054 558 4116 est.

180 4157 211 4223 4.
235 4157 272 4222 16
295 4175 347 4221 66
370 4156 446 4221 vita
462 4161 537 4239 est,
557 4160 592 4221 et
609 4156 685 4221 vita
740 4153 816 4236 ipso
905 4159 982 4219 eret

114 4265 193 4327 erat
215 4261 277 4325 lux
300 4261 498 4345 hominum;

180 4366 209 4434 5.
248 4369 284 4429 et
305 4366 368 4430 lux
390 4367 506 4431 lueet
529 4364 568 4428 in
592 4369 684 4429 tene·
741 4363 914 4447 Stellung:
947 4363 1161 4430 intenebris
1184 4365 1280 4429 lueet

220 4577 240 4645 ¹)
259 4592 302 4646 43,
319 4593 337 4646 4
355 4573 461 4630 testim.
483 4573 504 4642 1,
522 4591 547 4644 4.

1190 4683 1207 4733 4
