3198 5048
464 651 740 741 Cyprianus

389 879 442 946 34.
488 881 565 962 quis
602 881 696 944 enim
729 879 897 961 cognovit

324 1003 465 1049 sensum
476 985 625 1065 Domini,
644 990 705 1049 aut
723 984 800 1067 quis
816 1001 896 1048 con-

328 1089 480 1152 siliarius
504 1089 578 1153 eius
600 1088 688 1152 fuit?

392 1211 443 1278 35.
484 1215 546 1275 aut
581 1211 658 1298 quis
680 1211 778 1294 prior
798 1211 897 1274 dedit

326 1316 387 1398 ei,
410 1320 449 1380 ut
471 1317 685 1382 retribuetur
707 1314 808 1379 illi?
949 1311 1000 1374 illi
1089 1309 1121 1374 ei

390 1436 442 1504 36.
482 1439 648 1520 quoniam
680 1456 726 1502 ex
760 1438 836 1520 ipso
859 1440 895 1500 et

328 1562 393 1625 per
446 1543 559 1626 ipsum
615 1547 651 1608 et
695 1543 732 1607 in
776 1539 894 1624 ipso*
951 1535 1070 1600 *sunt

324 1646 461 1710 omnia:
485 1647 552 1729 ipsi
566 1646 680 1728 gloria
699 1645 896 1710 insaecula

322 1751 591 1816 saeculorum*
617 1749 645 1836 1)
855 1827 862 1840 ·
950 1745 1115 1810 *Amen

515 1939 600 2024 Gap.
624 1941 705 2006 ΧΠ.

1589 2017 1590 2040 t

389 2081 423 2128 v.
436 2061 465 2126 l.
485 2060 556 2128 Oro
570 2078 654 2143 ergo
669 2080 743 2141 vos,
754 2063 893 2143 fratres,
948 2057 1103 2124 Obsecro
1126 2059 1246 2142 itaque
1270 2075 1343 2138 voe,
1366 2057 1507 2133 fratrea,
1589 2059 1590 2136 l

322 2185 387 2250 per
430 2164 709 2229 misericordiam
738 2163 812 2245 Dei,
856 2171 894 2230 ut

323 2271 894 2352 constituatiscorporavestra
947 2266 1145 2331 exhibeatis

322 2375 474 2439 hostiam
511 2373 692 2453 vivam,
731 2379 894 2438 sanctam
947 2373 1130 2437 viventem

323 2481 526 2564 placentem
549 2477 684 2542 Deoz*
947 2475 1023 2541 Deo
1045 2477 1248 2560 placentem
1324 2475 1518 2542 *nationa-

990 2582 1061 2646 bile
1084 2581 1289 2664 obsequium
1316 2587 1475 2646 vestrum
1589 2649 1590 2658 ,

387 2705 418 2771 2.
441 2725 509 2771 nee
532 2707 797 2788 configuremini
818 2724 892 2770 sae·
947 2708 983 2768 et
996 2703 1105 2767 nolite
1121 2702 1334 2766 conformari
1347 2702 1430 2766 huic
1443 2721 1517 2772 sae·

322 2812 401 2875 culo
413 2811 505 2892 huic,
516 2811 578 2875 sed
594 2810 892 2874 transformemini
989 2809 1078 2888 culo,
1116 2808 1178 2872 sed
1212 2807 1452 2871 reformamini
1481 2807 1516 2870 in
1589 2811 1590 2848 3

321 2915 359 2978 in
403 2914 635 2980 renovatione
679 2932 801 2978 sensus
845 2915 891 2978 ad
988 2911 1148 2976 novitate
1177 2929 1299 2975 sensus
1326 2911 1447 2992 vestri,
1480 2916 1517 2974 ut
1589 2909 1590 2970 ἶ

321 3018 552 3100 probandum,
565 3017 711 3099 quaesit
726 3018 892 3082 voluntas
987 3017 1153 3100 prohetia,
1178 3034 1269 3098 quae
1288 3016 1332 3079 sit
1350 3017 1516 3080 voluntas

322 3121 399 3200 Dei,
448 3121 541 3183 bona
586 3125 622 3185 et
665 3122 812 3204 placens
857 3127 892 3186 et
988 3121 1064 3201 Dei,
1096 3122 1190 3184 bona
1222 3127 1257 3186 et
1279 3122 1516 3205 beneplacens

322 3225 493 3310 perfecta.
510 3225 539 3312 2)
988 3233 1023 3291 et
1045 3227 1213 3309 perfecta.
1589 3205 1590 3220 ¹

387 3347 422 3394 v.
435 3328 486 3392 14.
510 3329 709 3394 benedicite
728 3335 763 3395 et
783 3331 891 3395 nolite

322 3433 538 3498 maledicere
552 3433 581 3519 ³)

383 3555 417 3603 v.
434 3537 485 3602 17.
508 3538 664 3602 nemini
680 3539 811 3602 malum
827 3555 891 3620 pro
946 3538 1033 3602 nulli

323 3641 417 3704 malo
439 3643 603 3707 redentes
616 3640 646 3726 4)

389 3764 422 3811 v.
436 3745 485 3814 lu.
508 3745 593 3809 mibi
609 3744 891 3824 vindictam,
946 3747 1030 3810 mihi
1053 3745 1212 3809 vindicta

324 3868 389 3931 ego
418 3849 621 3931 retribuam,
660 3848 745 3912 dicit
776 3848 891 3912 Domi-

324 3974 398 4021 nus,
414 3953 439 4035 5)

388 4078 422 4124 v.
438 4058 489 4124 21.
514 4059 622 4123 nolite
638 4059 769 4122 vincia
787 4059 891 4138 malo,

323 4165 385 4229 sed
408 4165 513 4229 vince
535 4165 571 4228 in
594 4165 685 4228 bono
708 4165 850 4228 malum.
867 4163 891 4244 6)
918 4216 921 4242 ,

428 4371 447 4440 ¹)
469 4385 527 4441 155,
547 4389 579 4442 17
597 4370 702 4425 testim.
722 4370 768 4436 ΙΙΙ,
786 4386 829 4440 53.
852 4401 879 4408 -
900 4370 920 4436 ²)
934 4385 995 4438 330,
1013 4386 1029 4438 7
1048 4369 1085 4423 ad
1104 4368 1251 4423 Fortunat
1268 4371 1287 4424 8
1305 4385 1331 4422 u.
1349 4369 1409 4440 831,
1433 4387 1445 4423 1
1468 4387 1514 4440 ep.

324 4462 366 4531 76,
384 4477 409 4529 3.
426 4489 461 4499 -
479 4461 499 4527 ⁸)
524 4461 581 4528 126,
601 4476 633 4528 14
652 4459 758 4514 testim.
777 4457 822 4524 ΙΙΙ,
844 4474 883 4526 13.
904 4489 937 4496 -
955 4459 975 4523 ⁴)
997 4475 1054 4526 140,
1072 4475 1089 4526 4
1107 4457 1214 4511 testim.
1233 4456 1279 4524 ΙΙΙ,
1297 4475 1340 4527 23
1360 4486 1391 4494 -
1412 4457 1435 4526 ⁸)
1457 4459 1514 4526 180,
1589 4447 1590 4508 Ι

323 4566 342 4618 9
359 4555 424 4602 test.
443 4545 489 4615 Ill,
509 4547 559 4600 106
577 4563 603 4600 u.
622 4546 682 4615 363,
703 4563 735 4616 14
753 4546 791 4600 ad
809 4545 924 4599 Demet.
945 4562 984 4615 17.
1005 4575 1038 4584 -
1057 4547 1077 4611 ‘l
1099 4561 1157 4614 140,
1175 4560 1192 4614 5
1210 4544 1315 4598 testim.
1334 4543 1380 4615 ΙΙΙ,
1398 4561 1441 4614 23
