3198 5048
581 364 789 467 --11ῂἱ

469 576 653 683 Epistola
687 575 912 682 Ephesios.

230 839 502 926 Cyprianus
683 769 686 977 Ι
896 837 1103 922 Vulgata

80 980 395 986 ——s—--——
406 982 415 985 -
497 975 1284 988 ——-——.—.-—-..---—-——-—-——

296 1069 381 1152 Cap.
406 1069 450 1135 Π.

152 1190 186 1238 v,
215 1171 262 1238 17.
308 1173 459 1237 Etcum
491 1173 658 1254 venisset,
712 1177 747 1237 et
770 1172 917 1237 veniens
936 1171 1200 1254 evangelizavit
1223 1189 1284 1254 pa-

78 1276 313 1340 adnuntiavit
325 1276 426 1340 vobis
449 1294 576 1358 pacem
594 1276 658 1357 his,
755 1295 833 1342 cem
847 1277 958 1360 nobie,
973 1277 1032 1359 qui
1045 1278 1150 1358 longe
1161 1275 1285 1356 fuistis

80 1381 146 1463 qui
169 1381 284 1463 longe,
308 1386 343 1446 et
365 1398 502 1464 pacem,
526 1380 579 1444 his
600 1380 660 1464 qui
757 1387 792 1447 et
814 1401 941 1466 pacem
963 1382 1015 1464 iis,
1039 1382 1098 1466 qui
1121 1399 1241 1465 prope.

81 1503 210 1568 prope.

153 1589 204 1654 18.
229 1588 328 1671 quia
347 1607 411 1672 per
426 1587 540 1672 ipsum
555 1587 660 1652 habe·
715 1593 881 1676 quoniam

83 1711 166 1756 mus
190 1711 373 1757 accessum
397 1693 501 1756 ambo
524 1693 560 1756 in
592 1711 661 1757 uno

84 1798 214 1882 spiritu
238 1797 285 1860 ad
307 1801 455 1880 patrem.
478 1795 505 1884 1)

293 1936 378 2022 Cap.
397 1938 456 2004 IV.

154 2059 189 2106 v.
215 2042 244 2108 1.
289 2042 440 2107 observo
464 2060 563 2126 ergo
586 2061 662 2124 vos,
717 2041 837 2126 itaque
1135 2101 1137 2111 1

88 2163 157 2229 ego
201 2145 343 2210 vinetus
378 2145 414 2209 in
452 2146 602 2212 Domino
609 2148 659 2230 ,i‘
719 2148 799 2213 *ut
822 2147 928 2231 digne
952 2148 1139 2213 ambuletis

88 2251 662 2334 digneambularevooatione,

88 2372 163 2437 qua
185 2353 307 2418 vocati
331 2355 424 2422 estis.

160 2455 190 2521 2.
236 2475 316 2521 oum
349 2458 443 2522 omni
465 2459 663 2525 humilitate

89 2562 242 2626 sensus
280 2565 319 2626 et
375 2561 537 2648 lenitate,
583 2582 663 2628 cum
718 2568 753 2628 et
775 2562 1044 2627 mansuetudine

89 2666 267 2750 patientia
311 2666 571 2734 sustinentes
612 2668 663 2732 in·
717 2671 966 2750 supportantes

89 2771 210 2834 vicem
233 2770 270 2833 in
293 2769 517 2852 dilectione,
718 2772 894 2837 charitate

148 2874 179 2941 3.
194 2875 299 2940 satis
313 2880 503 2958 agentes,
518 2890 665 2938 servare
719 2876 861 2943 solliciti

92 2981 268 3045 unitatem
291 2980 434 3064 spiritus
457 2980 494 3044 in
522 2979 666 3043 vinculo

92 3083 212 3168 pacis,

162 3188 195 3255 4.
239 3205 347 3252 unum
370 3204 498 3269 corpus
521 3189 557 3251 et
579 3203 668 3250 unus

93 3291 249 3376 spiritus,
272 3291 363 3357 siout
385 3292 506 3357 vocati
529 3291 612 3355 estis
629 3294 669 3355 et
722 3297 758 3360 et
780 3293 868 3358 fehlt

93 3396 133 3460 in
143 3414 215 3460 una
225 3414 288 3479 spe
301 3396 499 3460 vocationis
513 3400 667 3462 vestrae.

163 3501 193 3566 5.
238 3519 328 3566 unus
368 3500 553 3584 DominuS,
597 3519 669 3565 una

95 3607 195 3688 fidae,
218 3624 325 3671 unum
347 3606 607 3689 baptismum.
723 3604 901 3687 baptisma

163 3709 193 3777 6.
238 3728 328 3775 unus
360 3709 453 3776 Deus
494 3715 529 3777 et
564 3715 669 3794 pater

96 3813 262 3894 omnium,
277 3813 336 3896 qui
348 3815 365 3850 '¹‘
380 3833 617 3899 superomnes
635 3819 671 3882 et
725 3815 741 3851 ²³²
766 3818 820 3880 est

96 3918 670 4004 peromniaetinomnibusnobis²l

1094 2015 1104 2053 ,f

126 4081 128 4086 ¹
204 4059 224 4127 ¹)
242 4075 286 4129 94,
307 4074 338 4112 10
355 4057 461 4112 testim.
480 4058 513 4129 ll,
531 4077 574 4114 21.
602 4091 635 4100 -
657 4060 678 4128 ¹)
696 4059 758 4127 825,
775 4072 808 4110 21
828 4071 875 4126 ep.
894 4071 937 4126 75,
954 4070 997 4125 24.
1034 4053 1295 4122 v.au.3bringt

97 4145 160 4211 216,
177 4161 212 4216 25
231 4146 269 4200 de
287 4145 390 4200 cathol.
410 4146 480 4200 eccl.
498 4146 555 4202 uni.
575 4148 602 4216 8,
620 4144 788 4215 ansangend
807 4142 859 4196 mit
876 4141 1064 4211 sustinentes,
1084 4157 1117 4195 so
1132 4141 1201 4194 dass
1219 4140 1292 4193 nach

100 4230 241 4286 unitatem
259 4230 379 4302 spiritus
393 4230 474 4302 lolgt:
488 4231 516 4285 in
532 4232 733 4288 coniunctione
745 4229 835 4302 pecie,
850 4230 960 4284 ebenso
972 4230 1033 4298 408,
1048 4245 1081 4304 1o
1096 4227 1222 4282 debono
1236 4237 1293 4297 pat.

102 4320 136 4373 16
149 4320 205 4374 und
216 4321 278 4390 643,
288 4337 303 4390 7
315 4337 360 4389 ep.
372 4335 416 4390 55,
428 4337 469 4388 24.
482 4337 507 4373 v.
518 4337 588 4390 3-5
598 4319 689 4374 findet
698 4319 759 4372 sich
775 4317 848 4372 auch
859 4333 919 4385 439,
931 4333 964 4368 10
973 4323 1046 4369 sent.
1057 4315 1178 4384 epise.5:
1193 4331 1294 4368 curan·

101 4415 146 4460 tes
162 4421 306 4461 servarve
321 4407 460 4461 unitatem
474 4405 594 4475 spiritus
603 4406 632 4460 in
651 4405 851 4460 coniunctione
863 4421 890 4473 p.
902 4412 955 4457 etc.
966 4421 1015 4472 v.4
1026 4419 1051 4456 u.
1057 4418 1075 4472 5
1085 4403 1182 4457 lauten
1192 4419 1252 4471 213,
1264 4419 1294 4456 11

103 4495 140 4548 de
154 4494 259 4549 cathol.
271 4495 339 4548 eccl.
356 4494 411 4548 uni.
424 4511 452 4562 4:
468 4510 555 4546 unum
569 4509 676 4563 corpus
690 4501 719 4546 et
733 4507 807 4546 unus
820 4489 949 4561 spirituS,
967 4507 1025 4544 una
1038 4507 1109 4560 spes
1119 4489 1296 4543 voccationis

104 4589 221 4635 vestrae
242 4589 296 4635 etc.
316 4580 360 4634 bis
378 4597 452 4635 unus
471 4580 560 4633 Deus.
592 4597 620 4634 v.
638 4595 655 4648 5
674 4579 711 4633 ist
728 4577 886 4648 angefiihrt
903 4577 964 4647 436,
984 4594 1016 4646 14
1035 4587 1107 4632 sent.
1127 4576 1216 4646 episc.
1239 4593 1261 4630 1.

1177 4683 1194 4737 7
