3236 5056
797 363 1003 464 *aa*

501 592 769 699 [rangerium
800 592 1041 681 secundum
1071 615 1108 678 s.
1140 587 1305 678 lucam.

445 857 718 944 Gyprlanus
1109 852 1319 934 Vulgata

306 999 462 1015 =-—-—.''·-—
901 1007 1123 1013 ———-
1126 1006 1158 1012 .-

533 1086 618 1170 Cap.
642 1087 669 1151 l.

372 1229 407 1276 v.
432 1208 484 1275 30.
530 1209 575 1273 Et
598 1207 708 1272 dixit
730 1207 877 1289 angelus
932 1207 983 1272 ait

306 1313 352 1376 ad
372 1314 505 1379 illam:
521 1314 574 1377 Ne
589 1314 724 1392 timeas
745 1311 877 1392 Maria;
932 1313 965 1378 ei

308 1416 476 1482 invenisti
499 1417 592 1482 enim
609 1417 761 1500 gratiam
780 1420 878 1480 ante
932 1413 1027 1499 apud

309 1523 432 1587 Deum.
472 1579 475 1590 .

253 1609 255 1614 ¹
375 1645 411 1692 v.
434 1625 486 1692 31.
533 1642 618 1689 ecoe
642 1624 820 1713 concipies
843 1627 878 1690 in

308 1733 407 1793 utero
454 1735 489 1793 et
533 1730 651 1812 paries
687 1729 805 1810 filium,
844 1735 880 1795 et

310 1832 458 1898 vocabis
490 1853 617 1900 nomen
651 1836 725 1900 eius
748 1831 879 1898 Jesum.

376 1955 410 2001 v.
436 1936 487 2002 32.
533 1939 591 2003 hio
632 1940 698 2004 erit
720 1956 879 2021 magnus

310 2044 345 2105 et
376 2043 467 2106 filius
499 2043 659 2106 altissimi
682 2043 879 2125 vocabitur,

310 2149 345 2210 et
379 2145 478 2209 dabit
513 2147 563 2210 illi
594 2146 764 2211 Dominus
788 2145 880 2211 Deus
1187 2219 1189 2224 ,

309 2250 502 2314 thronum
521 2250 639 2314 Dauid
658 2251 878 2333 patrissui,
933 2250 1053 2313 sedem
1142 2249 1216 2313 eius

313 2358 348 2417 et
372 2354 536 2436 regnabit
559 2372 687 2436 super
718 2355 878 2420 domum
931 2354 968 2417 in
991 2353 1094 2417 domo

311 2455 423 2520 Jacob
447 2457 481 2521 in
506 2459 692 2538 saecula,
721 2464 756 2523 et
778 2461 879 2542 regni
933 2462 1118 2522 aeternum

312 2561 386 2626 eius
409 2581 479 2626 non
503 2560 570 2626 erit
591 2561 679 2625 finis.
697 2562 719 2642 ¹)

374 2685 408 2730 v.
432 2666 484 2732 35.
522 2670 557 2730 et
579 2667 797 2749 respondens
821 2679 909 2748 an]

310 2770 410 2852 gelus
433 2769 522 2834 dixit
545 2770 599 2834 ad
622 2770 758 2851 illam3
782 2769 878 2853 spiri·
936 2770 968 2833 ei

311 2879 367 2938 tus
403 2879 547 2938 sanetus
582 2875 810 2957 superveniet
845 2875 881 2939 in

312 2984 357 3060 te,
382 2983 417 3042 et
438 2979 551 3042 virtus
565 2978 725 3042 altissimi
744 2979 882 3041 obum-

312 3083 882 3166 brabitte;quapr0pterquod
937 3081 1160 3146 obumbrabit
1183 3083 1246 3147 tibi
1269 3082 1419 3166 ideoque
1442 3094 1476 3149 et

311 3185 682 3268 nasceturl‘sanrtum,
693 3187 883 3250 vocabitur
936 3187 952 3222 *
976 3205 1021 3252 ex
1044 3197 1080 3252 te

313 3291 404 3354 filius
428 3291 504 3356 Dei.
521 3292 545 3369 ²)

372 3414 406 3459 v.
420 3396 472 3460 41.
503 3403 537 3460 et
556 3396 765 3474 factumest,
783 3415 878 3477 quo·
936 3399 974 3458 ut

313 3499 428 3562 modo
462 3487 598 3564 audivit
633 3500 880 3565 salutationem

312 3604 446 3668 Mariae
471 3605 670 3685 Elisabeth,
706 3604 881 3670 exultavit
1053 3674 1055 3678 .

312 3706 429 3771 infans
453 3708 488 3772 in
512 3715 612 3774 utero
636 3710 721 3790 eius,
755 3713 790 3772 et
813 3709 881 3772 im-
935 3709 1072 3790 repleta

312 3813 428 3895 pieta
452 3819 505 3878 est
528 3812 659 3895 Spiritu
683 3818 807 3878 saneto
824 3813 841 3850 a
936 3811 1157 3878 *Elisabeth

376 3934 410 3980 v.
424 3916 476 3981 4‘2.
508 3922 543 3982 et
560 3918 778 3982 exclamavit
792 3936 882 3982 voce

295 4039 451 4102 magna,
469 4027 504 4086 et
520 4022 625 4087 dixit:
643 4021 831 4086 benedicta
845 4026 882 4084 tu

312 4127 403 4190 inter
422 4127 596 4206 mulieres,
621 4131 656 4190 et
674 4126 881 4191 benedictus

312 4231 446 4294 fruetus
470 4231 604 4294 ventris
628 4229 688 4308 tui,

378 4354 412 4400 v,
436 4335 488 4401 43.
535 4339 570 4399 et
592 4335 685 4398 unde
708 4334 776 4398 hoe
798 4333 882 4398 mihi

418 4581 438 4648 ¹)
457 4582 499 4650 76,
520 4595 549 4632 11
570 4578 676 4632 testim.
696 4577 727 4644 ΙΙ,
749 4594 788 4630 11.
808 4607 841 4615 -
860 4577 880 4642 ²)
900 4591 941 4646 75,
962 4593 1002 4641 1¹·
1022 4574 1126 4629 testim·
1145 4573 1177 4638 Η·
1198 4591 1237 4630 1⁰·
