3198 5048
696 337 738 406 87

613 433 821 441 Μ

265 625 535 720 Cyprianus
927 635 1135 720 Vulgata

299 862 385 948 Oap.
409 864 507 932 XIII.

177 985 218 1034 v.
232 965 261 1033 2.
287 972 322 1032 et
335 969 364 1032 si
377 969 534 1036 habuero
554 987 693 1034 omnem

106 1072 238 1153 fidem,
262 1072 313 1136 ita
344 1077 382 1137 ut
409 1079 546 1140 montes
580 1079 692 1137 trans·

106 1177 245 1258 feram,
270 1176 457 1240 caritatem
480 1181 599 1241 autem
622 1197 692 1242 non

107 1282 337 1363 habeam,
361 1281 448 1344 nihil
471 1299 559 1362 sum,
745 1283 902 1348 habuero

180 1385 215 1454 3.
263 1390 298 1450 et
331 1383 360 1447 si
400 1383 436 1448 iu
473 1383 602 1450 cibos*
644 1385 691 1449 di·
745 1387 903 1454 Stell.:et
913 1387 943 1451 si
954 1387 1315 1470 distr.incibos*pau-

107 1490 295 1554 atribuere
311 1487 593 1570 omniamea,
610 1493 645 1554 et
664 1490 693 1553 si
788 1509 911 1574 perum
1003 1492 1193 1556 facultates
1216 1509 1317 1556 meas

106 1594 301 1658 tradidero
325 1609 452 1674 corpus
475 1610 603 1674 meum,
620 1593 637 1632 f
655 1598 693 1658 ut
747 1594 764 1633 l‘
789 1595 840 1659 ita

107 1700 277 1780 ardeam,
291 1695 478 1760 caritatem
489 1701 608 1762 autern
622 1717 692 1762 non

107 1803 332 1882 habeam,
356 1800 443 1864 nihil
466 1803 691 1884 proficio,
744 1803 901 1868 habuero
989 1803 1074 1868 mihi
1097 1803 1250 1886 prodest.

167 1905 691 1987 4.oaritesmagnanimaest,
744 1907 883 1990 patiens

109 2011 284 2074 caritas
307 2009 461 2090 benigna
480 2014 543 2090 est,
559 2010 691 2072 caritas
745 2012 877 2076 caritas
900 2011 988 2077 fehlt

109 2133 186 2178 non
212 2114 420 2196 aemulatur,
439 2113 601 2178 caritas
621 2132 691 2177 non
746 2117 877 2180 caritas
900 2117 987 2181 fehlt

113 2219 195 2300 agit
216 2235 416 2301 perperam,
444 2237 514 2280 non
537 2216 690 2296 inflatur,

186 2323 217 2386 ἴ).
254 2322 357 2384 *non
398 2320 576 2402 irritatur,
621 2337 690 2383 non
744 2325 840 2388 *non
852 2327 906 2388 est
916 2323 1114 2404 ambitiosa,
1126 2341 1195 2386 non
1212 2340 1317 2404 quac·

112 2427 254 2510 cogitat
277 2426 420 2505 malum,
788 2429 843 2511 rit,
857 2446 949 2511 quae
962 2445 1026 2490 sua
1036 2431 1127 2507 sunt,
1142 2443 1212 2490 non
1228 2425 1316 2491 irrit.

183 2530 213 2596 6.
251 2548 321 2594 non
340 2530 471 2612 gaudet
494 2547 600 2613 super
622 2530 690 2593 in-

114 2635 350 2715 iustitiam,
414 2635 692 2699 conlaetatur
744 2637 940 2720 iniquitate,
968 2636 1169 2719 congaudet
1197 2638 1314 2698 autem

114 2744 275 2804 autem
298 2739 342 2802 in
366 2740 582 2804 veritate
788 2740 934 2806 veritati

183 2843 214 2907 7.
240 2843 357 2906 omnia
380 2843 537 2926 diligit,
574 2844 691 2907 omnia
747 2847 869 2910 suffert

118 2947 246 3027 credit,
270 2948 388 3012 omnia
411 2953 541 3031 sperat,
575 2949 692 3012 omnia

68 3072 70 3075 ·
116 3052 278 3132 sustinet,

184 3156 213 3223 8.
254 3156 386 3220 caritas
421 3173 600 3240 nunquam
634 3174 692 3220 ex-

120 3261 217 3324 cidit.
238 3259 264 3346 1)

184 3385 217 3432 u.
244 3365 294 3433 ta.
335 3367 495 3431 uidemus
514 3382 609 3428 nunc
628 3382 692 3447 per

117 3473 299 3554 speculum
320 3471 353 3534 in
375 3473 587 3554 aenigmate,
607 3475 692 3534 tunc

118 3579 239 3639 autem
262 3577 355 3640 facie
368 3574 414 3637 ad
430 3574 578 3656 faciem;
597 3593 692 3638 nunc

122 3680 223 3744 scio
248 3699 293 3743 ex
316 3685 428 3762 parte,
465 3683 550 3742 tunc
573 3683 691 3742 autem
747 3693 922 3759 cognosco

119 3801 343 3865 cognoscam,
367 3783 457 3846 sicut
476 3787 511 3847 et
530 3781 692 3863 cognitus

120 3905 208 3952 sum.
225 3886 249 3966 2)

224 4021 567 4094 ¹J115,12testim.lll,
594 4039 619 4092 3.
656 4021 712 4077 Die
730 4039 757 4076 v.
776 4037 846 4091 2-5
864 4038 889 4076 u.
909 4037 924 4090 7
943 4019 1043 4074 finden
1061 4019 1123 4076 sich
1141 4037 1201 4091 222,
1230 4039 1261 4090 14
1280 4022 1318 4077 de

120 4110 194 4164 cath.
213 4111 283 4165 eccl.
302 4129 349 4165 un.
371 4127 412 4180 14,
440 4110 514 4164 doch
534 4109 604 4164 fehlt
621 4127 677 4164 vor
700 4109 790 4164 fidem
808 4126 836 4162 v.
855 4125 872 4161 2
890 4124 1008 4162 omnem
1036 4108 1096 4162 und
1124 4107 1228 4162 stehen
1258 4125 1316 4162 non

120 4196 245 4268 inflatur,
272 4217 331 4253 non
349 4198 479 4252 irritatur
504 4197 651 4252 zwischen
671 4197 834 4252 aemulatur
852 4225 881 4234 —
904 4213 960 4249 non
981 4195 1041 4264 agit
1058 4211 1229 4266 perperam,
1258 4196 1317 4249 und

122 4284 195 4340 wird
215 4303 263 4340 am
282 4284 402 4340 Schluss
430 4301 579 4354 nunquam
605 4284 714 4338 excidit
740 4283 847 4338 caritas
865 4281 1038 4337 wiederholt
1065 4281 1117 4336 mit
1136 4281 1316 4352 eingeschal·

121 4382 209 4427 tetem
228 4372 326 4442 inquit.
355 4389 382 4426 v.
401 4371 521 4442 4findet
539 4370 600 4425 sich
619 4387 680 4442 425,
698 4388 732 4440 24
751 4371 788 4424 de
806 4370 870 4424 zelo
889 4379 918 4424 et
936 4369 984 4424 liv.
1006 4387 1046 4440 13,
1065 4386 1112 4423 wo
1131 4377 1200 4424 statt
1218 4386 1316 4424 aemu-

121 4464 196 4518 latur
214 4461 289 4514 zelat
307 4459 392 4514 steht.
437 4476 464 4511 v.
484 4476 509 4526 4,
528 4473 544 4528 5
563 4475 588 4511 u.
608 4475 624 4528 7
644 4458 747 4512 stehen
766 4458 827 4526 408,
844 4472 861 4526 5
881 4457 917 4511 de
935 4458 1012 4512 bono
1031 4466 1088 4528 pat.
1110 4473 1151 4527 15,
1179 4474 1227 4512 wo
1245 4457 1317 4512 aber

121 4546 227 4600 caritas
245 4564 304 4600 non
323 4547 383 4615 agit
402 4561 565 4616 pauperam
585 4544 664 4599 fehlt.
684 4576 716 4583 —
736 4544 757 4613 ²)
778 4559 836 4614 155,
853 4545 871 4597 6
889 4552 952 4598 test.
972 4543 1016 4612 Ill,
1034 4559 1076 4613 53.
