3198 5048
449 661 717 748 Cyprianus
901 595 903 680 Ι
1110 663 1312 747 Vulgata

616 811 766 816 ——.-....—
1063 813 1105 818 .--
1118 811 1299 818 —..--—-—-——
1307 811 1501 817 ..μ-...-

370 890 421 956 10.
467 907 582 971 neque
614 890 737 953 molles
761 907 875 970 neque

303 991 538 1056 masculorum
553 992 799 1057 concubitores
816 1010 875 1058 ne-

304 1112 371 1176 que
403 1094 499 1160 fures
534 1115 649 1180 neque
685 1096 874 1161 fraudul-
928 1097 1030 1161 avari

303 1199 412 1264 tenti
445 1218 559 1282 neque
594 1200 724 1265 ebriosi
758 1219 874 1282 neque
1584 1201 1585 1220 ¹

302 1301 468 1366 maledici
512 1322 627 1387 neque
680 1311 874 1388 raptores
928 1323 1082 1388 rapaces
1585 1344 1586 1438 1

303 1424 450 1489 regnum
463 1405 528 1472 Dei
547 1416 873 1492 consequentur,
928 1409 1156 1491 possidebunt

368 1511 420 1574 11.
436 1514 471 1574 et
485 1511 576 1576 haec
590 1513 731 1595 quidem
744 1515 872 1581 fuistis:

303 1617 364 1681 sed
388 1615 499 1680 abluti
521 1617 614 1699 estin,
638 1619 699 1683 sed
723 1619 874 1686 sanctifi·
1586 1636 1587 1714 t

303 1719 375 1783 cati
390 1719 483 1800 estis,
507 1721 568 1785 sed
583 1721 761 1786 iustificati
780 1723 873 1806 estis,
1200 1777 1202 1782 .
1586 1735 1587 1740 ’

302 1825 338 1888 in
357 1824 498 1888 nomine
509 1824 649 1890 Domini
659 1825 874 1893 Jesunostri
927 1821 1100 1907 Stellung:
1133 1824 1232 1889 Doni.
1269 1825 1380 1888 nostri
1412 1823 1498 1888 Jesu

303 1927 872 2014 Christi‚etinspirituDeinostri.¹)
970 1926 1099 1992 Christi

365 2050 399 2098 v.
416 2031 466 2098 15.
489 2033 644 2116 nescitis,
665 2036 763 2117 quia
785 2055 873 2101 cor·
927 2032 1092 2114 quoniam
1115 2051 1146 2098 c.
1170 2051 1204 2097 v.
1236 2037 1317 2098 sunt
1345 2033 1498 2100 Christi?

303 2155 404 2220 pora
470 2141 616 2202 vestra
686 2143 873 2206 membra

303 2239 465 2305 Christi
514 2242 632 2308 sunt?
678 2246 873 2311 auferens
927 2241 1054 2305 tollens
1077 2258 1160 2323 ergo

302 2345 462 2409 membra
472 2344 602 2411 Christi
620 2347 752 2413 faciam
767 2369 873 2416 mern-

302 2450 369 2514 bra
391 2451 616 2517 meretricis?
640 2453 769 2534 (absit.)

367 2553 420 2621 16.
450 2560 521 2620 aut
543 2557 735 2638 nescitis,
760 2557 872 2639 quia,
924 2571 970 2617 an
984 2573 1029 2634 n.,
1049 2555 1225 2636 quoniam,
1243 2553 1306 2636 qui
1321 2553 1494 2618 adhaeret

302 2660 373 2742 qui
396 2661 612 2744 coniungit
626 2681 668 2727 se
683 2661 872 2743 meretrici,

302 2781 408 2827 unum
463 2782 590 2848 corpus
640 2767 724 2832 est?
771 2771 873 2831 erunt
926 2763 1099 2828 efficitur?

303 2867 396 2930 enim
421 2868 437 2904 *
466 2870 534 2934 duo
557 2871 704 2936 incarne
726 2890 807 2936 una.
928 2867 944 2903 *
969 2868 1082 2950 inquit

366 2970 418 3036 17.
454 2973 514 3056 qui
545 2979 664 3039 autem
695 2975 871 3040 coniun-
926 2973 1097 3038 adhaeret

300 3075 371 3157 git
394 3094 443 3141 se
466 3077 627 3162 Domin0,
661 3099 750 3144 uuus
773 3081 871 3164 spiri-

301 3181 356 3242 tus
376 3185 438 3262 est,
455 3179 485 3266 2)
541 3182 547 3196 “

366 3302 400 3349 v.
426 3284 476 3352 18.
513 3305 615 3350 omne
648 3287 870 3370 delictum,
924 3290 1113 3368 peccatum

301 3389 545 3472 quodcumque
589 3391 714 3456 fecerit
757 3380 899 3479 homo}

302 3497 405 3558 extra
428 3512 556 3576 corpus
579 3499 650 3580 est;
674 3496 733 3578 qui
752 3501 870 3562 autem

301 3597 507 3679 fornicatur,
540 3599 575 3661 in
612 3617 739 3682 corpus
770 3619 870 3666 suurn

301 3705 429 3784 peccat
453 3751 459 3765 .
482 3751 488 3766 .
515 3701 557 3766 .*
925 3718 957 3764 u.
985 3701 1033 3771 10.
1060 3702 1131 3765 *an
1150 3703 1302 3783 nescitis,
1327 3704 1492 3785 quoniam

967 3806 1114 3870 nembra
1158 3813 1279 3872 vestra
1323 3809 1493 3890 templum

967 3915 1047 3976 sunt
1070 3911 1212 3993 spiritus
1226 3911 1351 3994 sancti,
1373 3913 1433 3995 qui
1456 3913 1491 3978 in

966 4016 1067 4080 vobis
1090 4021 1153 4096 est,
1180 4034 1284 4098 quem
1303 4015 1442 4084 habetis
1470 4036 1492 4081 a

365 4116 416 4184 19.
461 4135 531 4180 non
554 4118 638 4183 estis
660 4121 781 4188 vestri.
967 4121 1052 4201 Deo,
1076 4126 1112 4186 et
1134 4139 1203 4186 non
1227 4122 1311 4187 estis
1333 4123 1491 4188 vestri..

405 4256 424 4326 ¹)
457 4258 514 4327 167,
537 4273 571 4328 24
598 4267 662 4313 test.
682 4258 727 4328 ΙΙΙ,
753 4260 795 4329 65.
832 4259 897 4316 Den
915 4257 984 4314 Satz
1012 4259 1065 4314 des
1083 4275 1152 4314 vers
1177 4275 1209 4314 10
1232 4276 1328 4332 neque
1356 4259 1491 4315 maledici

300 4361 425 4414 regnum
453 4344 508 4398 Dei
535 4356 751 4416 consequentur
778 4346 877 4416 bringt
903 4346 976 4401 auch
1003 4346 1065 4416 670,
1084 4363 1115 4401 11
1136 4363 1182 4416 ep.
1200 4362 1242 4415 59,
1265 4365 1289 4418 4.
1328 4345 1383 4401 Die
1401 4345 1492 4402 Stelle

300 4432 392 4486 findet
418 4430 481 4485 sich
508 4431 581 4484 auch
599 4447 660 4501 275,
678 4448 694 4500 7
713 4432 750 4485 de
769 4433 844 4486 dom.
871 4441 1008 4500 orat.12;
1036 4433 1111 4486 doch
1138 4433 1215 4488 steht
1232 4433 1278 4487 fiir
1296 4433 1491 4488 masculorum

300 4519 514 4574 concubitores:
542 4519 737 4572 masculorum
759 4519 946 4590 adpetitoreS,
973 4519 1152 4590 insgleichen
1171 4520 1242 4576 fehlt
1259 4519 1351 4578 nostri
1368 4521 1415 4576 bei
1434 4521 1489 4577 Do·

301 4605 371 4662 mini
389 4606 463 4661 nach
479 4606 504 4677 J.
524 4605 592 4660 Chr.
611 4636 643 4644 -
661 4607 682 4670 ²)
704 4607 761 4677 166,
782 4624 814 4678 14
832 4607 938 4679 testim,
956 4607 1002 4679 ΙΙΙ,
1020 4607 1063 4663 62.
