3198 5048
876 321 919 388 94

792 413 1002 422 ,κῇ-η...

446 611 720 702 Cyprianus
1111 615 1316 700 Vulgata

505 840 590 926 Cap.
612 845 675 911 III.

369 981 403 1029 v.
429 963 459 1028 t.
506 963 687 1028 Abraham
725 963 876 1028 eredidit

305 1067 390 1149 Deo,
410 1072 446 1134 et
463 1073 665 1151 reputatum
688 1073 742 1132 est
759 1069 811 1132 illi
828 1069 873 1133 ad

303 1171 483 1237 iustitiam.

370 1274 875 1360 7.eogn0scitisergo,quia
928 1279 1131 1361 cognoscite

305 1379 364 1462 qui
400 1397 445 1444 ex
481 1378 550 1443 fide
583 1383 678 1460 sunt,
714 1380 759 1444 hi
794 1369 895 1456 sunt*
928 1382 952 1446 ii

304 1482 366 1546 filii
389 1483 567 1549 Abrahae.

367 1586 398 1654 8.
421 1588 613 1670 providens
632 1595 752 1656 autem
767 1589 875 1672 serip-

305 1693 394 1772 tura,
429 1689 512 1773 quia
547 1711 592 1757 ex
617 1694 685 1759 fide
708 1692 875 1757 iustificat

307 1800 431 1877 gentes
471 1796 577 1880 Deus,
609 1798 875 1881 praenuntiavit

303 1899 481 1982 Abrahae,
507 1904 590 1986 quia
621 1903 875 1970 benedicentur

303 2002 340 2066 in
363 2010 398 2068 te
421 2022 543 2071 omnes
565 2015 699 2090 gentes,

366 2105 397 2173 9.
421 2106 529 2188 igitur
552 2111 612 2193 qui
630 2130 676 2177 ex
694 2109 763 2174 fide
782 2111 873 2187 sunt,

303 2211 521 2278 benedieti
544 2220 644 2280 sunt
667 2232 747 2279 eum
779 2211 874 2276 fideli
927 2215 1183 2282 benedicentur

303 2316 495 2381 Abraham.
517 2316 540 2398 1)

357 2441 393 2488 v.
403 2421 455 2488 27.
475 2421 724 2506 quotquotin
735 2420 873 2486 Christo
927 2423 1126 2506 quicunque
1149 2425 1243 2489 euim
1266 2426 1301 2490 in
1325 2433 1392 2493 ete.

303 2526 475 2609 baptizati
499 2525 601 2607 aetia,
626 2523 802 2592 Christum
825 2527 874 2590 in-

304 2629 436 2696 duistis.
454 2629 479 2708 2)

502 2785 589 2870 Cap.
613 2786 672 2852 IV.
899 2860 901 2921 7

368 2925 403 2973 u.
425 2907 457 2972 4.
492 2912 544 2983 At
577 2907 637 2972 ubi
668 2909 768 2972 venit
800 2908 873 2972 ad·
899 2926 901 2991 ς
927 2909 1107 2991 plenitudo

303 3011 491 3094 impletio
540 3012 725 3096 temporie,
779 2998 901 3076 misitl

303 3113 399 3179 Deus
436 3115 545 3180 filium
582 3136 682 3182 suum
714 3121 872 3181 natum
925 3117 1060 3182 laetum
1084 3136 1129 3182 ex

303 3222 356 3286 de
378 3221 536 3286 muliere.
552 3219 577 3300 ³)

357 3345 397 3393 u.
411 3324 462 3393 16.
487 3341 571 3409 ergo
591 3343 665 3408 ego
688 3325 870 3390 inimicus*
926 3343 991 3408 ego
1014 3325 1102 3390 fehlt
1197 3325 1214 3364 ’¹‘
1240 3325 1339 3390 vobis

302 3429 418 3494 iaetus
433 3448 509 3494 sum
532 3448 657 3496 verum
680 3429 871 3516 praedi·
926 3430 1046 3495 dicens

303 3549 415 3596 eans
437 3532 549 3598 vobis.
566 3533 595 3619 4)

411 3724 421 3734 ν
511 3687 596 3772 Oap.
620 3689 661 3754 V.

367 3826 400 3873 v,
425 3808 477 3876 14.
514 3809 650 3893 Diliges
672 3811 871 3894 proximum

303 3917 400 3977 tuum
423 3921 630 3998 tamquam
654 3917 722 3981 te*
926 3913 1017 3980 sicut
1106 3916 1260 3999 *ipsum

369 4019 419 4086 15.
465 4020 499 4083 si
530 4024 665 4085 autem
705 4021 871 4085 mordetis
926 4021 1049 4103 quodsi
1072 4022 1226 4086 invicem
1249 4021 1417 4088 mordetis

408 4263 429 4333 ¹)
449 4281 492 4334 43,
513 4281 545 4334 19
564 4264 668 4319 testim.
689 4265 709 4330 l,
727 4283 744 4335 5
750 4282 758 4332 ;
778 4284 804 4320 v.
822 4265 847 4319 6.
873 4282 899 4319 v.
919 4265 938 4318 6
955 4281 982 4335 p.
1002 4280 1062 4334 703,
1079 4280 1115 4318 ao
1133 4281 1179 4336 ep.
1197 4281 1240 4334 53,
1258 4283 1276 4336 4
1294 4265 1383 4319 lautet
1400 4265 1494 4319 credi·

303 4349 345 4404 dit
363 4350 514 4406 Abraham
533 4351 596 4406 Deo
624 4361 653 4406 et
680 4353 849 4423 deputatum
877 4361 922 4407 est
944 4351 971 4406 ei
994 4352 1032 4406 ad
1056 4351 1200 4406 iustitiam.
1231 4379 1262 4390 —
1289 4353 1309 4418 ⁸)
1328 4352 1390 4421 699,
1409 4368 1427 4421 9
1447 4368 1495 4422 ep.

300 4437 346 4505 62,
363 4453 381 4506 3
398 4454 425 4492 u.
442 4439 503 4506 818,
521 4455 554 4493 21
575 4456 621 4510 ep.
640 4455 682 4510 75,
704 4455 744 4508 12,
771 4457 818 4494 wo
836 4439 909 4494 aber
926 4438 971 4492 llir
989 4437 1126 4510 baptizati
1144 4437 1221 4493 steht
1239 4438 1329 4493 tincti.
1359 4469 1391 4477 -
1409 4440 1430 4506 ⁸)
1450 4456 1494 4510 73,

305 4541 338 4594 13
356 4525 461 4580 testim.
482 4526 515 4596 ll,
532 4528 557 4582 8.
576 4553 610 4566 -
628 4526 650 4596 ⁴)
669 4543 730 4597 477,
751 4527 783 4581 18
801 4542 847 4597 ep.
867 4543 892 4596 4,
912 4541 939 4596 5.
1352 4550 1354 4555 ¹
