3224 5050
725 295 766 363 55

293 590 561 680 Cyprianus
951 595 1159 680 Vulgata

341 819 426 905 Cap.
450 820 527 888 VII.

209 942 244 987 v.
257 922 308 993 37.
338 925 442 1009 siqui
466 925 549 1008 sitit,
572 925 714 990 veniat*
772 924 789 964 ³¹
813 926 859 989 ad
881 945 939 991 me

140 1033 181 1094 et
203 1025 340 1096 bibat'

209 1153 243 1199 v.
268 1133 319 1200 38.
363 1134 422 1216 qui
454 1133 568 1198 eredit
590 1133 625 1197 in
648 1152 715 1214 me,

141 1239 235 1302 sieut
258 1237 479 1320 scriptura
503 1239 624 1318 dicit,
657 1237 715 1302 flu·
770 1237 943 1320 Stellung:
967 1237 1053 1302 dicit
1076 1237 1253 1320 scriptura

143 1342 242 1406 mina
275 1342 319 1407 de
350 1348 477 1409 ventre
510 1343 585 1408 eius
608 1343 717 1406 fluent

141 1465 259 1529 aquae
281 1445 399 1512 vivae.

209 1568 244 1616 v.
261 1547 313 1616 39.
336 1549 405 1614 hoe
427 1557 546 1618 autem
565 1549 654 1616 dixit
673 1550 717 1615 de

143 1655 279 1737 spiritu,
292 1673 395 1738 quem
411 1654 595 1740 accepturi
605 1658 717 1733 erant,

142 1757 280 1841 quiin
304 1778 394 1826 eum
425 1760 669 1825 eredebant.
687 1755 716 1844 ¹)
769 1758 956 1824 credentes
980 1759 1016 1822 in
1041 1777 1131 1824 eum.

322 1913 408 1998 Cap.
427 1914 527 1998 VIII.

208 2018 319 2084 v.12.
365 2039 431 2102 ego
463 2039 539 2085 sum
577 2020 716 2083 lumen
770 2020 832 2083 lux

145 2124 278 2190 mundi.
342 2125 401 2206 qui
445 2143 502 2188 me
543 2129 716 2190 secutus
770 2123 928 2206 sequitur
949 2142 1006 2188 me

142 2226 289 2307 fuerit,
327 2248 397 2292 non
421 2228 656 2293 ambulabit
680 2229 716 2292 in
770 2229 930 2294 ambulat

142 2331 309 2412 tenebris,
344 2335 406 2399 sed
430 2333 575 2398 habebit
597 2335 717 2398 lumen

143 2435 251 2499 vitae.
265 2431 297 2519 2)

208 2535 308 2606 v.24.
343 2539 489 2605 sienim
511 2560 582 2606 non
606 2538 716 2604 eredi-

143 2643 276 2709 deritis
299 2644 381 2726 quia
396 2662 461 2726 ego
482 2664 568 2726 sum,
591 2644 716 2708 morie·

142 2748 229 2812 mini
247 2749 282 2813 in
302 2749 494 2832 peccatis
513 2745 715 2832 vestris³)
770 2753 919 2832 peceato
942 2751 1061 2811 vestro

207 2852 306 2920 ν.31.
325 2854 374 2918 si*
393 2852 716 2937 permanseritis
772 2853 789 2891 *
813 2871 877 2916 vos
966 2851 1166 2916 manseritis

147 2958 183 3021 in
197 2957 328 3035 verbo
344 2977 433 3040 meo,
453 2975 539 3022 vere
554 2955 717 3039 discipuli
770 2975 931 3022 sermone

143 3063 212 3128 mei
236 3064 338 3129 estis
770 3061 868 3127 eritis

208 3185 243 3230 v.
256 3164 308 3232 32.
332 3172 367 3232 et
389 3165 609 3249 cognoscetis
625 3164 713 3228 veri-

143 3268 715 3352 tatem‚etveritasliberabitvos.⁴)

206 3393 241 3439 v.
258 3374 308 3440 34.
336 3375 458 3455 omnis,
470 3374 529 3455 qni
540 3373 625 3438 feeit
636 3393 715 3457 pee-

145 3487 274 3561 catum,
298 3497 423 3543 servus
447 3479 550 3560 est,
771 3478 788 3517 ’¹‘
812 3476 953 3561 peccati

206 3603 240 3649 v.
265 3583 319 3650 35.
351 3601 475 3648 servus
498 3589 618 3648 autem
641 3602 711 3646 non

144 3695 266 3754 manet
288 3689 324 3752 in
348 3688 450 3751 domo
469 3687 505 3750 in
522 3692 714 3770 aeternum,

143 3791 267 3856 filius*
291 3799 411 3858 manet
433 3793 469 3857 in
493 3788 714 3871 aeternum.⁵)
771 3791 787 3829 *
813 3794 931 3854 autem

209 3915 243 3961 v.
267 3897 319 3963 44.
356 3915 422 3961 vos
460 3897 508 3961 de
545 3894 713 3959 diabolo
770 3913 815 3959 ex
838 3913 872 3976 p.
897 3893 929 3960 d.

143 4009 262 4084 patre
296 4003 387 4066 nati
421 4002 514 4081 estis
550 4005 584 4066 et
616 4018 713 4063 con·
768 3998 843 4063 nati
865 3996 953 4061 fehlt

247 4159 268 4226 ¹)
287 4159 347 4228 706,
365 4175 397 4212 21
417 4175 444 4212 u.
465 4174 525 4228 707,
542 4174 559 4226 4
578 4172 624 4226 ep.
642 4156 686 4224 63,
703 4156 733 4221 8;
760 4171 786 4208 ν.
806 4171 839 4224 37
858 4170 884 4207 u.
903 4154 938 4221 38
956 4151 1046 4205 findet
1073 4149 1135 4204 sich
1163 4149 1237 4204 auch
1256 4149 1337 4218 588

145 4243 251 4298 testim.
270 4243 289 4299 1.
307 4260 349 4312 22,
369 4243 393 4299 si
413 4243 478 4314 quis
496 4242 563 4310 sitit,
581 4241 680 4296 veniat
698 4249 727 4294 et
737 4241 823 4295 bibat.
843 4239 995 4310 quicredit
1012 4238 1041 4292 in
1061 4253 1108 4292 me
1123 4237 1197 4292 sicut
1215 4235 1286 4290 dicit
1297 4252 1336 4289 sc.

144 4361 177 4369 -
195 4333 215 4396 ²)
235 4349 278 4402 72,
299 4349 330 4384 12
348 4331 452 4386 testim.
473 4330 504 4384 11.
524 4347 540 4400 7
547 4347 554 4396 ;
581 4329 641 4399 426,
660 4346 695 4384 20
713 4328 750 4382 de
769 4328 821 4382 zel.
842 4336 870 4381 et
890 4327 937 4382 liv.
958 4343 997 4382 11.
1036 4326 1179 4397 Dagegen
1198 4325 1275 4379 steht
1293 4324 1338 4378 ssis

145 4419 257 4474 mundi:
276 4419 383 4474 saeculi
402 4419 462 4489 716,
483 4434 515 4472 10
533 4434 579 4487 ep.
597 4418 640 4485 63,
661 4416 700 4470 18.
720 4445 752 4452 -
771 4417 791 4483 ³)
810 4432 853 4484 43,
874 4431 907 4482 13
925 4413 1031 4469 testim.
1051 4413 1070 4483 Ι,
1089 4430 1113 4483 5.
1133 4444 1165 4451 -
1185 4415 1204 4479 ⁴)
1225 4429 1284 4481 329,
1306 4427 1337 4464 12

144 4505 182 4558 ad
199 4503 316 4559 fortun.
334 4506 352 4558 8
370 4522 395 4559 u.
415 4503 475 4573 406,
492 4519 510 4572 9
528 4503 565 4556 de
585 4504 661 4556 bono
680 4501 748 4572 pati.
769 4503 883 4572 13.-⁶)
895 4501 932 4555 de
951 4501 1027 4556 dom.
1047 4509 1119 4555 orat.
1142 4516 1183 4567 10,
1202 4517 1229 4570 p.
1240 4515 1302 4569 274,
1312 4513 1337 4552 2.
