3198 5048
877 325 919 392 io

795 417 1002 430 .........---

444 624 715 712 Cyprianus
1108 619 1319 703 Vulgata

367 851 417 922 13.
462 872 532 916 non
571 853 688 935 orgo*
728 872 791 916 nos
822 853 871 916 in·
923 851 1100 932 *amplius
1207 866 1270 912 nos
1293 846 1381 912 fehlt

301 957 418 1021 vicem
441 958 645 1022 iudicemus.
667 957 695 1044 ¹)

366 1079 401 1125 v.
428 1060 477 1126 17.
514 1062 690 1126 nonest*
724 1080 872 1143 regnum
927 1058 944 1096 ⁸⁵
972 1057 1064 1122 enim

302 1163 369 1227 Dei
385 1182 469 1228 esea
489 1173 524 1228 et
536 1171 648 1248 potuS,
665 1167 726 1230 sed
739 1166 872 1230 iustitia

304 1270 340 1331 et
396 1286 468 1350 pax
522 1273 557 1332 et
614 1269 783 1350 gaudium
836 1269 873 1332 in

303 1372 428 1454 spiritu
452 1377 584 1440 sancto
602 1373 627 1456 2)

604 1563 789 1674 Epistola
820 1564 872 1654 ad
903 1560 1146 1650 Corinthios
1178 1557 1200 1646 Ι.

521 1742 607 1828 Cap.
632 1744 657 1810 I.

368 1865 402 1914 v.
421 1847 471 1912 10.
496 1845 652 1914 Obsecro
668 1852 786 1912 autom
800 1865 874 1926 voe,

304 1949 449 2032 fratres,
486 1969 550 2033 per
582 1970 710 2016 nomen
734 1951 876 2016 Domini

303 2053 414 2116 nostri
447 2053 532 2118 Jesu
567 2052 710 2137 Christi,
754 2059 793 2120 ut
838 2055 874 2119 id

304 2157 419 2240 ipsum
454 2157 580 2221 dicatis
603 2175 724 2224 onmes
747 2165 782 2224 et
805 2178 874 2224 non

305 2261 375 2326 sint
419 2261 455 2324 in
504 2263 606 2326 vobis
660 2264 873 2344 schismata,

305 2367 379 2430 sitis
398 2371 515 2430 autem
534 2368 685 2450 perfecti
703 2369 738 2432 in
751 2370 874 2434 eodem

305 2490 410 2538 sensu
424 2472 505 2536 etin
516 2473 641 2538 eadem
657 2471 875 2558 sententia.³)

370 2597 404 2642 v.
429 2576 482 2642 17.
520 2578 614 2642 misit
636 2597 693 2643 me
717 2575 874 2642 Christus
928 2585 1114 2649 nonenim
1137 2584 1231 2648 misit
1261 2603 1317 2647 me
1341 2579 1498 2646 Christus

306 2683 527 2764 adnuntiare,
550 2702 620 2748 non
644 2685 680 2747 in
704 2679 874 2746 sermonis
970 2687 1497 2770 baptizare,sedevangolizare,

306 2786 490 2870 sapientia,
528 2805 573 2851 ne
592 2787 771 2851 inanisfiat
786 2801 894 2849 orux‘
970 2810 1041 2854 non
1064 2791 1100 2855 in
1123 2791 1299 2874 sapientia
1323 2791 1434 2871 verbi,
1462 2794 1498 2854 ut

307 2888 446 2954 Christi.
780 2959 782 2964 ,
971 2914 1041 2960 non
1052 2900 1247 2961 evacuetur
1258 2913 1347 2958 orux
1355 2893 1497 2960 Christi:

373 2996 424 3061 18.
462 2997 611 3060 verbum
640 2995 732 3060 enim
760 2994 875 3059 erucis

307 3101 527 3165 stultitia
565 3105 635 3165 est
669 3101 740 3164 his
751 3148 758 3180 ,
798 3099 876 3182 qui
929 3103 1155 3185 pereuntibus
1178 3103 1319 3185 quidem
1352 3102 1499 3166 stultitia

306 3210 525 3288 pereunt.
570 3204 624 3267 his
646 3208 775 3283 antem,
817 3202 875 3283 qui
972 3212 1034 3289 est,
1080 3208 1121 3271 iis
1159 3211 1288 3289 autem,
1325 3207 1386 3288 qui
1409 3207 1500 3270 salvi
1584 3195 1585 3204 ’

308 3310 493 3374 salvantur
515 3309 628 3373 virtus
652 3308 718 3372 Dei
742 3312 803 3372 est.
973 3315 1069 3393 fiunt,
1088 3312 1123 3374 id
1144 3315 1197 3375 est
1211 3309 1321 3392 nobie,
1345 3309 1412 3375 Dei
1431 3309 1498 3374 vir-

374 3414 424 3481 19.
470 3415 640 3497 seriptum
674 3417 727 3476 est
762 3411 876 3478 enim:
972 3405 1114 3482 tuaest.

308 3522 456 3603 perdam
495 3520 707 3602 sapientiam
740 3517 876 3599 sapien-

308 3626 395 3688 tium
424 3629 458 3689 et
481 3625 706 3707 prudentiam
729 3622 876 3706 pruden-

309 3730 395 3794 tium
418 3730 627 3812 reprobabo.

374 3831 424 3898 20.
447 3833 507 3897 ubi
517 3834 668 3916 sapiens,
679 3832 739 3903 ubi
750 3831 877 3911 sariba,

309 3936 369 3999 uhi
421 3937 636 4019 conquisitor
688 3935 878 4002 saeculi
932 3935 1032 3999 hroius
1056 3934 1212 3999 saeculi?

310 4040 420 4105 huiu
433 4042 476 4106 s?
1035 4051 1036 4054 ’

363 4144 880 4211 21.n0nnostu1tamfeoitDous

310 4249 521 4332 sapientiam
544 4250 646 4314 huius
671 4248 851 4312 mundi?

418 4389 438 4458 ¹)
458 4389 517 4459 766,
538 4405 550 4442 1
571 4387 695 4456 epistola
712 4389 754 4456 69.
774 4415 807 4424 -—
830 4387 850 4453 ²)
872 4385 930 4454 164,
950 4402 983 4438 1ο
1000 4393 1063 4438 test.
1083 4383 1128 4453 ΙΙΙ,
1146 4383 1188 4437 61.
1212 4415 1243 4422 -
1268 4385 1288 4452 ³)
1310 4400 1367 4454 174,
1388 4398 1420 4451 13
1438 4388 1497 4436 test.
1584 4401 1585 4404 ¹

312 4476 357 4544 111,
375 4478 416 4530 86.
437 4476 546 4530 ebenso
564 4476 625 4539 216,
643 4491 675 4527 21
697 4474 733 4526 de
753 4471 826 4527 cath.
846 4472 916 4526 eccl.
939 4471 995 4527 uni.
1008 4473 1038 4540 83
1057 4470 1131 4525 doch
1150 4469 1220 4524 fehlt
1238 4481 1336 4526 antem
1355 4470 1414 4524 und
1426 4468 1498 4524 steht

312 4571 381 4617 statt
398 4561 520 4633 perfecti
538 4560 699 4632 compositi.
