3198 5048
760 323 969 428 Α

413 619 680 706 Cyprianus
1068 625 1277 709 Vulgata

331 845 360 914 7.
406 852 442 913 at
474 849 584 933 venit,
622 856 657 916 et
694 854 836 936 accepit

266 950 393 1015 librum
423 953 467 1018 de
499 954 647 1021 dextera
670 957 754 1023 Dei
785 978 835 1024 se·
889 959 955 1025 Dei
979 959 1067 1024 fehlt

267 1057 381 1122 dentis
404 1057 440 1122 in
462 1059 598 1127 thr0n0.
889 1064 983 1129 nach
1005 1063 1131 1128 throno
1154 1063 1282 1127 librum

330 1161 361 1230 8.
406 1167 442 1228 et
475 1182 555 1229 cum
593 1168 835 1250 accepisset
889 1168 1085 1252 aperuisset

266 1265 407 1348 librum,
425 1272 591 1350 quattuor
614 1272 782 1336 animalia
801 1277 836 1338 ct

265 1369 392 1451 viginti
451 1378 616 1454 quattuor
677 1377 832 1442 seniores

266 1479 600 1557 prostraverunt
643 1499 686 1546 se
739 1487 835 1547 ante
889 1480 1353 1562 cecideruutcoramagno

267 1595 455 1662 agnum,
500 1581 673 1648 habentes
707 1585 835 1667 singuli

267 1700 418 1748 aureas
452 1685 643 1752 citharas
680 1694 724 1756 et
756 1708 835 1772 pa·
889 1687 1046 1752 citharas
1084 1691 1119 1752 et
1153 1686 1292 1771 phialas
1329 1703 1456 1751 aureas

266 1791 379 1852 teras
404 1805 571 1873 aureas,
600 1793 724 1875 plenas
741 1794 835 1858 odo·
931 1793 1066 1876 plenas
1150 1792 1456 1855 odoramentorum

265 1895 496 1959 ramentis
523 1897 835 1981 supplicantio-
888 1897 1208 1981 supplicantionum
1230 1895 1318 1960 fehlt

265 2014 376 2077 num,
413 2015 504 2080 quae
544 2006 624 2065 sunt
658 2002 835 2067 orationes

267 2106 480 2168 sanctorum.

330 2206 360 2273 9.
390 2213 425 2272 et
448 2213 731 2274 cantaverunt
754 2228 835 2274 can·
890 2211 1086 2276 cantabant

265 2308 373 2373 ticum
396 2329 536 2394 novum,
568 2313 740 2379 dicentes:
764 2314 836 2396 dig-

265 2431 331 2476 nus
354 2432 401 2495 es,
418 2414 615 2500 *accipere
638 2417 777 2500 librum,
801 2423 836 2483 et
891 2421 908 2460 t
933 2421 1083 2485 Domine

267 2517 406 2600 aperire
430 2520 614 2602 signacula
637 2523 720 2606 eius,
755 2541 836 2606 quc-

265 2621 361 2686 niam
380 2624 516 2690 occisus
539 2645 592 2709 es,
616 2632 651 2693 et
674 2628 835 2693 emisti
890 2629 1069 2694 redemisti

265 2745 328 2790 nos
348 2727 366 2766 ²⁸
386 2730 439 2793 dc
483 2733 654 2813 sanguine
694 2738 753 2798 tuo
791 2752 836 2798 ex
890 2734 1004 2799 *Dec
1028 2735 1063 2798 in

266 2831 359 2894 omni
390 2833 484 2898 tribu
518 2840 553 2900 et
575 2835 696 2918 lingua
720 2842 754 2902 et
777 2857 836 2920 po-

268 2935 350 3015 pulo
375 2941 410 3000 et
432 2939 585 3021 natione,

327 3039 377 3109 10.
403 3045 438 3106 et
461 3060 530 3106 eos
553 3061 725 3128 regnum
749 3046 835 3110 Deo
890 3047 1004 3112 fecisti
1036 3065 1099 3110 nos
1122 3047 1197 3110 Deo
1230 3048 1348 3108 nostro
1380 3059 1456 3120 reg·

268 3148 835 3233 nostrosacerdotcsque
933 3149 1456 3234 num,ctsacerd0tes,etreg·

267 3247 427 3330 fecisti,
451 3255 486 3316 et
509 3254 708 3335 regnabunt
731 3273 836 3338 super
933 3256 1094 3321 nubimus
1117 3259 1187 3319 st.

267 3356 410 3422 terram.
433 3353 455 3437 ¹)

467 3512 552 3597 Cap.
572 3513 630 3581 VI.

331 3634 365 3686 v.
388 3616 419 3683 9.
465 3617 617 3682 Etcum
640 3621 836 3702 aperuisset

267 3720 454 3802 quintum
470 3722 648 3805 signum,
672 3723 834 3790 vidisub
889 3727 1041 3810 sigillum
1065 3744 1120 3809 qu.
1201 3723 1321 3788 subtus
1345 3722 1471 3785 altare·

267 3825 578 3892 araDeianimas
594 3829 834 3894 occisorum
889 3831 955 3896 Dei
978 3831 1066 3897 fehlt
1153 3829 1414 3894 interfectorum

266 3934 411 4013 propter
433 3932 581 3996 verbum
596 3931 663 3997 Dei
681 3936 834 3999 etmar-
889 3939 1034 4020 propter
1073 3933 1325 4013 testimonium,
1366 3929 1455 4012 quod

266 4035 440 4115 tyrium
465 4053 575 4099 suurn.
932 4038 1122 4107 habebant.

333 4140 384 4206 10.
425 4145 460 4205 et
494 4141 835 4207 clamaverunt
889 4143 1094 4207 clamabant

267 4261 415 4325 magna
428 4263 531 4309 voce
546 4245 718 4310 dicentes:
738 4266 833 4329 quo·
888 4247 1062 4330 Stellung:
1086 4267 1176 4313 voce
1198 4263 1329 4330 magna

266 4365 393 4428 usque
427 4348 593 4432 Domine,
625 4355 769 4416 sanctus
799 4358 834 4418 et
888 4371 1067 4435 usquequo

371 4539 392 4609 ¹)
407 4541 452 4610 81,
472 4555 503 4594 11
522 4548 586 4596 test.
605 4540 638 4611 11,
658 4555 698 4611 15
