3198 5048
779 379 987 480 —1-29*

429 673 697 763 Cyprianus
878 780 880 812 Ι
1088 675 1294 760 Vulgata

282 902 416 983 albae,
441 901 602 984 quisunt
624 907 660 968 et
682 904 852 968 01111606-

283 1006 436 1071 nerunt?

347 1109 398 1176 14.
441 1111 853 1193 6111111161,ῡο1111116*
905 1111 957 1176 illi
1046 1112 1135 1176 *mi

281 1215 319 1276 tu
341 1215 421 1280 sois.
445 1221 480 1280 et
502 1217 562 1281 ait
584 1217 683 1283 mihi:
707 1217 851 1298 bisunt,
906 1215 995 1281 dixit

281 1317 340 1400 qui
364 1326 538 1386 venerunt
560 1340 615 1387 ex
637 1323 850 1403 1116600111-
905 1319 949 1384 de
1038 1319 1149 1385 Stell:
1173 1321 1252 1387 trib.
1277 1339 1369 1404 mag.

280 1424 471 1508 bulatione,
495 1431 530 1492 et
553 1427 720 1492 laverunt
743 1429 851 1492 stolas

282 1547 373 1613 suas,
411 1537 446 1596 61
473 1533 681 1597 candidas
709 1549 770 1596 eas
794 1533 850 1598 fe·
906 1528 1167 1594 dealbaverunt
1189 1549 1251 1596 aas

282 1641 430 1702 cerunt
452 1637 488 1702 in
511 1637 682 1720 sanguine
705 1636 797 1718 agni.

348 1757 396 1823 15.
441 1761 622 1841 propter
656 1757 734 1821 1100
770 1761 851 1822 sunt
906 1752 986 1818 ideo

281 1860 321 1925 in
357 1867 587 1946 conspectu
610 1862 750 1928 throni
773 1862 849 1942 Dei,
905 1865 988 1924 ante
1011 1860 1174 1925 thronum

281 1968 316 2028 et
329 1966 488 2032 serviunt
500 1966 533 2031 ei
546 1966 688 2032 diebus
703 1970 850 2030 611100-
905 1965 961 2030 die
985 1984 1030 2031 ae
1052 1972 1156 2032 110616

282 2069 395 2133 tibus
418 2070 454 2134 in
478 2070 609 2153 templo
633 2070 717 2152 eius,
755 2077 791 2136 61
812 2072 850 2135 is
904 2069 934 2132 is
956 2069 1044 2135 fehlt

280 2174 339 2255 qui
361 2175 461 2240 sedet
474 2174 511 2238 in
529 2175 665 2256 throne,
684 2175 851 2240 inhabi-
904 2173 1079 2239 habitabit

280 2277 390 2342 tabit
412 2296 518 2362 super
541 2297 619 2344 eos.
905 2278 984 2342 illos

346 2399 397 2466 16.
413 2420 548 2484 neque
566 2401 721 2466 esurient
736 2421 851 2484 neque
906 2417 976 2462 non

280 2505 399 2569 sitient
414 2523 606 2588 unquam,
631 2504 693 2569 sed
716 2525 851 2590 neque
905 2505 1056 2587 amplius

281 2611 342 2674 sol
356 2627 478 2693 super
497 2627 568 2674 eos
587 2610 717 2692 cadet,
736 2629 851 2693 neque
905 2625 972 2672 1166
995 2609 1100 2673 cadet
1122 2628 1229 2692 super
1246 2611 1323 2676 illos
1342 2615 1394 2678 sol
1416 2634 1471 2680 ne-

280 2714 407 2778 ullum
431 2718 590 2780 aestum
608 2714 806 2796 patientur:
948 2730 1016 2795 que
1038 2713 1129 2777 ullus
1152 2719 1280 2796 aestus,

346 2816 397 2883 17.
428 2817 540 2901 ¹quia
574 2835 697 2899 agnae,
733 2818 851 2901 quiin
905 2817 1070 2898 quoniam

280 2921 395 2987 medio
418 2921 536 2986 throni
558 2925 620 3003 est,
640 2925 754 3004 teget
772 2941 851 3004 eoa,
905 2925 1005 3003 reget
1028 2921 1106 2986 illos

281 3029 316 3089 et
354 3025 505 3090 deducat
541 3043 600 3090 eos
634 3025 680 3088 ad
713 3027 852 3091 fontes
905 3023 1078 3108 Stellung:
1103 3028 1199 3093 vitae
1222 3031 1337 3100 fontes

280 3129 397 3194 vitae
420 3147 603 3212 aquarum,
618 3135 654 3194 et
671 3131 852 3214 absterget

280 3232 375 3298 Deus
410 3253 550 3300 omnem
584 3235 770 3299 lacrimam
798 3254 852 3300 ex
906 3235 951 3299 ab

281 3340 391 3404 oculis
415 3357 545 3406 eorum.
563 3337 585 3421 ¹)

481 3529 565 3612 Cap.
590 3530 652 3595 IX.

345 3671 379 3721 v.
405 3651 456 3721 13.
492 3653 537 3717 Et
558 3657 680 3719 sextus
703 3653 850 3734 angelus

280 3756 366 3820 tuba
378 3757 518 3838 cecinit,
537 3761 572 3821 61
590 3756 712 3822 audivi
729 3776 851 3822 unum
905 3775 1031 3823 vocem
1054 3777 1160 3824 unam

282 3880 328 3926 ex
350 3865 517 3944 quattuor
538 3880 588 3926 an
596 3861 707 3944 gulis
723 3881 851 3929 areae
905 3863 1069 3928 cornibus
1092 3865 1215 3930 altaris
1245 3865 1354 3947 aurei,
1382 3865 1470 3948 quod
1587 3931 1588 3950 ἶ

282 3983 456 4046 aureae,
495 3983 602 4048 quae
637 3965 748 4031 estin
772 3985 851 4032 eon·
949 3974 1003 4032 est
1026 3973 1106 4033 ante
1129 3971 1248 4035 oeulos
1271 3970 1349 4035 Dei.

280 4074 407 4153 speetu
430 4068 507 4150 Dei,

346 4191 397 4257 14.
413 4191 588 4256 dicentem
599 4197 699 4258 sexto
714 4195 851 4279 angele,

281 4295 340 4378 qui
377 4296 534 4361 habebat
573 4297 713 4364 tubam:
752 4299 851 4364 solve

386 4506 405 4573 ¹)
436 4521 533 4576 131,2
561 4505 667 4569 testim,
687 4503 731 4574 lli,
760 4506 793 4560 16
819 4521 845 4560 0.
863 4520 925 4576 342,
952 4521 986 4576 27
1014 4505 1050 4560 ad
1079 4504 1224 4560 Fortunat.
1252 4523 1281 4560 11
1311 4505 1356 4560 bis
1375 4525 1401 4562 v.
1423 4523 1468 4579 15:
1587 4499 1588 4522 ¹

281 4603 402 4666 propter
420 4593 474 4648 hoc
492 4601 559 4648 sunt
577 4591 605 4647 in
617 4601 776 4664 conspectu
794 4591 914 4647 honoris
924 4593 979 4649 Dei
989 4594 1029 4662 (et
1038 4594 1168 4650 serviunt
1178 4595 1205 4649 ei
1223 4593 1252 4650 in
1263 4593 1464 4666 temploeiust.
1587 4641 1588 4664 3
