3198 5048
254 663 539 752 Cyprianus
929 659 1135 744 Vulgata

103 900 146 956 ut
181 899 218 956 et
252 891 291 954 in
328 891 552 954 revelatione
590 890 690 953 sacta
744 898 784 951 ut
806 891 842 951 et
864 888 901 950 in
928 889 1148 953 revelatione
1178 891 1315 971 gloriae

104 995 291 1059 claritatis
313 996 390 1058 eius
411 997 610 1076 gaudentes
632 1014 692 1058 ex·
804 991 879 1054 eius
896 992 1084 1072 gaudeatis
1102 995 1313 1060 exultantes.

104 1101 244 1164 ultetis

183 1205 232 1270 14.
242 1205 274 1268 si
296 1205 603 1286 inproperatur
620 1218 691 1262 vo·
744 1199 1009 1282 exprobramini
1102 1203 1205 1266 vobis
1226 1204 1315 1270 fehlt

105 1309 237 1374 bisin
269 1311 413 1373 nomine
431 1307 572 1386 Christi,
594 1306 691 1370 beati

107 1413 210 1493 estis,
257 1413 369 1494 quia
413 1413 612 1477 maiestatis
655 1419 690 1475 et
715 1398 719 1481 i
743 1407 919 1491 quoniam,
957 1409 1051 1491 quod
1088 1415 1142 1475 est
1162 1411 1315 1495 honoris,

105 1518 258 1583 virtutis
294 1517 437 1581 Domini
481 1534 611 1580 nomen
654 1515 691 1578 in
785 1514 921 1596 gloriae
953 1518 989 1578 et
1015 1514 1157 1580 virtutis
1179 1515 1256 1600 Dei,
1280 1523 1316 1582 et

106 1623 216 1688 vobis
254 1621 455 1704 requiescit,
490 1620 585 1703 quod
617 1619 690 1701 qui-
786 1617 846 1701 qui
868 1623 921 1683 est
936 1619 1010 1682 eius
1028 1617 1187 1704 Spiritus,
1209 1641 1317 1706 super

108 1727 194 1790 dem
218 1724 416 1789 secundum
430 1724 511 1787 illos
527 1722 690 1805 blasphe—
714 1718 718 1759 ³
786 1741 851 1786 vos
874 1723 1075 1806 requiescit.

108 1836 243 1910 matur,
266 1829 462 1894 secundum
484 1846 548 1892 nos
571 1833 690 1892 autem
714 1864 718 1907 1

108 1935 322 1998 honoratur.
337 1931 366 2016 ¹)
715 1914 718 1949 ¹

180 2055 217 2104 u.
257 2035 309 2100 15.
360 2054 439 2100 nec
470 2036 689 2119 quisquam
743 2051 846 2097 nemo
878 2042 1036 2100 vestrum
1064 2038 1222 2120 patiatur
1253 2046 1315 2106 aut

109 2147 276 2206 vestrum
311 2145 495 2221 tamquam
534 2141 591 2204 fur
629 2147 719 2219 aut¹
786 2139 963 2205 homicida
977 2147 1039 2206 aut
1060 2143 1117 2207 fur
1132 2149 1194 2210 aut
1208 2147 1314 2212 male-

110 2246 297 2311 homicida
318 2244 487 2327 patiatur,
520 2249 582 2308 aut
604 2251 690 2308 lam-
787 2244 887 2309 dicus
909 2251 971 2310 aut
989 2248 1186 2314 alienorum
1209 2271 1315 2336 appe-

110 2369 225 2433 quam
260 2349 455 2429 maleficus
486 2353 549 2414 aut
585 2367 719 2414 curam
786 2349 871 2415 titur

111 2458 256 2522 alienas
278 2472 401 2537 ageuS,

184 2559 236 2626 16.
266 2559 330 2622 sed
351 2563 534 2640 tamquam
556 2558 690 2622 christi-
716 2628 719 2665 Ι
744 2557 774 2622 si
796 2563 915 2623 autem
938 2563 975 2624 ut
997 2561 1220 2644 christianus,
1244 2584 1314 2629 nou

112 2684 218 2733 anus.
234 2663 264 2742 2’)
716 2674 719 2751 ff
788 2663 985 2728 erubescat.

328 2819 415 2902 Cap.
438 2821 479 2884 V.
716 2804 719 2887 Ι

184 2943 220 2990 v.
252 2923 285 2990 8.
328 2925 437 2990 sobrii
473 2929 594 3003 estote,
631 2922 690 2988 vi·
716 2966 719 3017 i
744 2927 781 2988 et
802 2924 951 3008 vigilate

113 3031 273 3116 gilate,
327 3030 412 3112 quia
463 3027 720 3129 adversarius*

114 3149 241 3210 vester
258 3136 420 3205 diabolus
437 3139 619 3215 tamquam
637 3131 693 3196 leo
717 3144 720 3191 :

114 3247 274 3330 rugiens,
328 3239 462 3322 aliquid
517 3239 692 3302 devorare
717 3262 720 3329 g
745 3237 881 3318 circuit,
913 3257 1098 3322 quaerens,
1132 3260 1236 3324 quem
1259 3245 1316 3310 de-

115 3367 306 3436 quaerens,
329 3341 503 3424 circuit.⁸)
717 3356 721 3406 l
791 3347 905 3408 voret.

455 3550 642 3656 Epistola
674 3551 711 3639 h.
741 3550 925 3641 loannis
957 3550 979 3638 Ι.

339 3746 424 3831 Cap.
448 3746 475 3814 Ι.

186 3874 221 3919 v.
244 3855 275 3921 8.
314 3851 345 3916 si
367 3851 569 3930 dixerimus,
593 3849 691 3932 quia
744 3851 913 3934 quoniam

118 3965 310 4045 peccatum
329 3974 400 4021 non
413 3955 595 4035 habemus,
618 3971 692 4018 nos

119 4064 232 4146 ipsos
247 4059 489 4142 decipimus,
507 4063 543 4123 et
559 4057 692 4123 veritas
745 4057 812 4141 ipsi
835 4077 899 4123 nos
922 4059 1122 4125 seducimus

120 4168 158 4231 in
180 4165 281 4230 nobis
304 4181 375 4228 non
398 4171 462 4229 est.
477 4162 507 4249 ⁴)

227 4407 247 4476 ¹)
265 4424 326 4476 331,
344 4424 376 4460 21
396 4407 434 4460 ad
452 4405 599 4460 Fortunat
618 4423 636 4476 9
654 4423 679 4460 u.
699 4406 760 4476 658,
778 4423 796 4475 3
813 4424 860 4477 ep.
878 4407 922 4476 58,
940 4423 966 4460 2.
985 4437 1018 4446 -
1037 4407 1058 4474 ¹)
1079 4408 1137 4477 148,
1154 4423 1190 4477 25
1207 4407 1315 4463 testim.

121 4495 166 4563 Ill,
184 4512 226 4566 37.
246 4525 279 4534 —
296 4495 318 4562 ⁸)
337 4511 397 4564 419,
418 4495 450 4548 18
468 4494 505 4548 de
523 4493 586 4547 zelo
605 4501 635 4547 et
652 4493 699 4548 liv.
722 4511 742 4548 1.
768 4524 800 4532 —
822 4495 843 4560 ⁴)
867 4495 930 4564 156,
947 4511 966 4563 9
983 4502 1047 4548 test
1058 4494 1105 4561 ΙΙΙ,
1117 4511 1151 4565 54
1171 4513 1197 4549 u.
1215 4512 1277 4568 375,
1297 4513 1316 4565 9

122 4583 393 4653 &maffia

1179 4687 1214 4745 Β*
