3236 5056
449 610 715 698 Cyprianus

369 858 403 904 v.
427 837 479 904 22.
524 839 621 904 beati
652 841 768 922 eritis,
792 859 871 905 cum

304 959 368 1005 vos
414 945 552 1012 oderint
595 945 754 1009 homines
799 945 871 1009 et*
926 945 1045 1008 *cum

306 1047 554 1127 separaverint
588 1048 683 1112 vos*
728 1053 763 1114 et
797 1067 871 1114 ex·
925 1048 1036 1111 *von
1059 1047 1136 1112 hier
1163 1046 1209 1112 ab
1241 1046 1348 1112 heisst
1375 1065 1428 1112 es:
1461 1057 1497 1112 et

302 1149 490 1230 pulerint
536 1157 571 1216 et
622 1152 872 1220 maledixerint
969 1150 1267 1234 exprobraverint
1280 1159 1314 1216 et
1326 1151 1497 1217 eiecerint

301 1254 433 1318 nomini
451 1261 571 1320 vestro
595 1257 696 1339 quasi
718 1276 870 1341 nequam
968 1274 1096 1320 nornen
1128 1264 1285 1320 vestrum
1314 1263 1495 1337 tamquam
1597 1249 1598 1274 ¹

300 1365 445 1441 propter
468 1361 577 1424 filium
599 1361 759 1443 hominis,
967 1359 1099 1423 malum
1130 1367 1274 1442 propter
1304 1359 1413 1423 filium
1436 1358 1495 1422 ho-

363 1481 397 1526 u.
420 1461 473 1530 23.
518 1464 671 1547 gaudete
716 1465 753 1530 in
809 1467 871 1534 illa
967 1462 1081 1526 minis.

303 1565 359 1631 die
396 1572 431 1631 et
463 1569 640 1650 exultate3
664 1588 749 1636 ecce
776 1572 870 1636 enim

300 1688 437 1737 merces
469 1680 590 1740 vestra
621 1675 732 1739 multa
756 1677 869 1741 estin

300 1775 465 1842 caelis.
484 1777 506 1860 ¹)
924 1776 1036 1840 caelo.

364 1898 398 1946 v,
411 1879 463 1946 32.
502 1883 540 1946 si
558 1884 712 1967 diligitis,
732 1886 791 1969 qui
805 1904 869 1950 vos
924 1886 958 1944 et
981 1880 1011 1944 si
1033 1880 1066 1944 d.

302 1983 471 2066 diligunt,
525 2004 616 2068 quae
665 1997 726 2055 est
748 1991 869 2054 vobis
923 1984 1024 2048 vobis
1048 1989 1101 2049 est

299 2089 448 2170 gratia?
494 2094 538 2154 et
582 2098 869 2174 peccatores
922 2107 1006 2153 nam
1029 2095 1064 2154 et
1082 2095 1288 2174 peccatores
1307 2088 1491 2170 diligentes

299 2192 409 2256 enim
446 2193 633 2276 diligunt
673 2214 756 2278 eoa,
801 2200 869 2282 qui
966 2212 1004 2258 se
1027 2194 1188 2276 diligunt.

297 2297 626 2379 sediligunt.²)

361 2417 394 2463 v.
420 2398 471 2467 36.
517 2405 671 2469 estote*
726 2407 866 2472 miseri·
923 2401 1050 2484 *ergo

297 2503 433 2586 cordes,
457 2505 548 2571 sicut
571 2511 606 2572 et
629 2515 732 2591 pater
746 2514 867 2576 vester

295 2607 498 2675 misertus
523 2617 576 2677 est
599 2614 746 2678 vestri.
767 2613 792 2695 3)
919 2609 1120 2674 misericors
1140 2615 1193 2674 est
1275 2609 1388 2673 uestri
1403 2607 1489 2671 fehlt

360 2729 394 2776 v.
419 2712 470 2780 37.
516 2715 632 2783 Nolite
681 2719 864 2801 Judicare,

295 2834 345 2880 ne
364 2817 631 2902 judicemini,
654 2823 762 2887 nolite
785 2843 865 2888 con·
920 2823 955 2882 ct
978 2837 1047 2882 non
1067 2817 1312 2899 J'udicabimini

295 2919 473 3003 demnare,
519 2943 568 2988 ne
613 2926 864 2992 condemne-
920 2928 955 2988 et
978 2942 1046 2987 non
1070 2920 1401 2988 condemnabimini.

294 3025 412 3092 mini.
429 3025 454 3102 4)

484 3145 568 3230 Cap.
593 3149 669 3217 VII.

358 3267 390 3313 u.
414 3250 466 3320 47.
513 3253 580 3316 eui
603 3256 698 3336 plus
727 3258 861 3324 dimit·
918 3249 1486 3333 Remittuntureipeccatamulta,

293 3353 409 3435 titur,
433 3357 529 3438 plus
553 3357 707 3440 diligit,
960 3356 1126 3439 quoniam
1150 3355 1274 3420 dilexit
1296 3355 1459 3436 multum3

354 3459 454 3525 v.48.
489 3467 524 3527 et
543 3464 599 3527 cui
623 3464 790 3545 pusillum
809 3485 860 3532 re·
916 3461 973 3524 cui
1001 3464 1119 3524 autem
1148 3459 1262 3524 minus
1291 3457 1485 3537 dimittitur,

291 3563 450 3645 mittitur,
473 3567 648 3632 modicum
673 3569 797 3652 diligit.
814 3571 838 3652 ⁵)
958 3564 1072 3627 minus
1095 3563 1219 3645 diligit.

488 3687 658 3770 mpm

353 3807 388 3855 v,
413 3789 464 3855 24.
511 3794 570 3874 qui
607 3796 746 3878 perdit
786 3797 858 3860 ani·
913 3789 1108 3874 perdiderit

287 3911 381 3957 mam
405 3913 505 3959 suam
527 3903 673 3980 propter
696 3919 762 3982 me,
786 3901 859 3966 hio
913 3895 971 3959 hic
993 3895 1082 3959 fehlt

286 3997 473 4062 salvabit
496 3999 620 4065 illam.
638 4001 662 4082 ⁸)
882 4050 885 4088 ,
913 4003 1051 4066 salvam
1074 3996 1183 4061 faciet
1206 3995 1315 4061 illam.

293 4105 499 4114 ———--

390 4131 1474 4212 hmssmmmmmffiwmmmpmammm

287 4221 364 4276 steht
382 4223 458 4278 beati
478 4242 512 4288 e..
530 4243 596 4280 cum
615 4229 761 4297 persecuti
781 4247 834 4284 vos
851 4227 958 4284 fuerint
977 4224 1035 4278 und
1054 4223 1099 4276 sur
1119 4220 1201 4291 quasi
1220 4238 1360 4291 nequam:
1380 4232 1410 4278 ut
1428 4241 1476 4278 ne·

286 4326 392 4378 quam,
420 4313 493 4367 auch
521 4313 592 4368 fehlt
617 4324 662 4369 est
689 4317 764 4371 nach
792 4318 881 4371 multa
889 4332 896 4383 ;
924 4313 987 4368 dies
1015 4307 1085 4364 fehlt
1107 4307 1180 4362 auch
1204 4307 1241 4362 ad
1270 4307 1418 4364 Fortunat.
1439 4327 1479 4380 12,

286 4413 314 4463 ρ.
333 4413 393 4468 345,
420 4416 438 4469 3
464 4417 489 4454 u.
523 4401 607 4472 epist.
634 4405 677 4472 58,
703 4421 728 4465 2,
756 4422 782 4476 p.
802 4407 862 4474 658,
890 4420 930 4472 19.
958 4429 991 4440 -
1018 4398 1039 4466 ¹)
1071 4411 1130 4466 153,
1150 4413 1182 4466 19
1200 4395 1305 4450 testim.
1326 4396 1370 4468 lll,
1386 4416 1428 4469 49.
1448 4430 1482 4439 -

284 4472 305 4550 ⁸)
324 4485 386 4554 635,
407 4502 439 4555 13
458 4487 541 4558 epist.
560 4505 603 4558 55,
625 4492 664 4543 16.
684 4521 717 4529 —
736 4493 755 4558 ⁴)
778 4510 835 4563 139,
854 4509 871 4545 2
890 4488 996 4545 testim.
1016 4485 1065 4552 lll,
1082 4500 1125 4538 21.
1144 4513 1174 4522 -—
1196 4484 1217 4552 ⁵)
1238 4484 1295 4554 182,
1313 4499 1357 4553 21,
1375 4486 1480 4542 testim.

286 4570 337 4641 lll,
358 4573 415 4626 116.
435 4603 468 4612 -
486 4576 506 4643 ⁶)
525 4592 586 4646 345,
603 4578 622 4631 8
639 4577 676 4631 ad
696 4577 842 4634 Fortunat.
865 4596 904 4633 12.
