3198 5048
433 607 705 722 Cyprianus
1095 635 1307 718 Vulgata

488 861 659 946 eap,111.

353 986 389 1031 v.
412 965 442 1032 3.
481 967 565 1049 quid
586 967 691 1045 enim,
714 969 744 1032 si
767 971 860 1034 exci-
913 967 997 1052 quid
1020 968 1165 1032 enimsi
1192 969 1336 1051 quidam
1363 986 1488 1032 eorum

289 1073 416 1136 derunt
427 1090 450 1135 a
463 1071 532 1136 fide
545 1073 687 1155 quidam
697 1073 859 1137 illorum?
956 1092 1027 1136 non
1042 1073 1292 1138 crediderunt?
1315 1073 1489 1154 numquid

290 1177 459 1260 numquid
499 1178 689 1243 infidelitas
720 1178 860 1242 illorum
956 1176 1187 1241 incredulitas
1217 1177 1357 1240 illorum
1381 1176 1489 1240 fidem

291 1281 396 1345 fidem
418 1281 486 1346 Dei
509 1280 724 1345 evacuavit?
757 1282 859 1346 absit.
957 1281 1000 1346 D.
1025 1281 1239 1346 evacuabit?
1263 1281 1364 1346 absit.

353 1385 383 1449 4.
408 1388 462 1449 est
485 1383 593 1448 enim
616 1383 712 1450 Deus
734 1403 859 1466 verax,
915 1390 1034 1451 autem

291 1487 403 1551 omnis
415 1490 535 1551 autem
547 1486 651 1550 homo
661 1489 858 1576 mendax.¹)

357 1607 392 1654 u.
405 1589 434 1655 8.
457 1589 630 1654 faciamus
645 1593 752 1672 mala,
769 1593 860 1657 dum
915 1598 954 1658 ut
976 1593 1125 1658 veniant
1148 1593 1242 1656 bona

288 1696 437 1760 veniunt
459 1695 562 1777 bona,
595 1714 742 1778 quorum
765 1697 861 1763 dam-

288 1799 385 1864 natio
407 1800 500 1864 iusta
523 1805 583 1866 est.
598 1799 623 1882 2)

354 1922 388 1968 v.
414 1899 465 1967 14'.
498 1923 676 1970 venenum
699 1906 860 1988 aspidum

289 2007 353 2071 sub
365 2007 468 2071 labiis
484 2025 615 2090 eorum,
629 2014 663 2074 et
681 2027 719 2072 os
740 2027 860 2072 eorum
915 2027 1063 2092 quorum
1095 2027 1133 2073 os
1166 2008 1417 2074 maledictione
1449 2013 1489 2072 et

289 2110 480 2174 maledicto
534 2116 570 2176 et
624 2113 860 2178 amaritudine
958 2130 1026 2176 am.
1049 2114 1096 2196 pl.
1122 2134 1152 2182 e.

289 2216 433 2297 plenum
456 2220 519 2281 est.

356 2318 406 2383 15.
450 2320 590 2384 veloces
613 2320 659 2383 ad
683 2320 857 2385 effunden-
914 2323 983 2388 vel.
1007 2323 1116 2406 pedes
1140 2343 1260 2388 eorum
1287 2323 1334 2388 ad
1357 2323 1488 2388 effund.

290 2422 372 2485 dum
387 2422 594 2504 sanguinem
612 2423 721 2505 pedes
740 2443 860 2488 eorum
958 2445 1057 2508 sang.

356 2525 407 2593 16.
439 2527 603 2592 contritio
628 2531 664 2594 et
686 2528 860 2592 calami·
915 2531 1104 2596 infelicitas

290 2635 355 2696 tas
378 2631 411 2696 in
432 2633 500 2697 viis
519 2651 650 2715 eorum,
674 2633 745 2716 qui
763 2633 859 2698 viam
915 2640 950 2700 et

290 2737 391 2818 pacis
414 2755 485 2800 non
508 2742 739 2820 agnoverunt.

357 2841 408 2907 17.
453 2859 540 2906 nec
573 2845 627 2907 est
657 2842 762 2905 timor
793 2841 860 2905 Dei
915 2862 985 2918 non

292 2950 376 3011 ante
400 2947 519 3010 oculos
543 2965 674 3011 eorum.
688 2945 713 3026 ³)

354 3067 388 3114 v.
412 3047 465 3113 23.
511 3067 631 3114 omnes
664 3048 757 3114 enim
781 3067 860 3132 pee-

291 3158 466 3219 caverunt
489 3158 525 3218 et
548 3157 654 3236 egent
692 3154 860 3218 clarita·
914 3154 1029 3238 gloria

290 3265 379 3325 tem
403 3259 480 3340 Dei,

356 3361 407 3427 24.
432 3363 728 3426 iustificantur
743 3368 861 3428 antem
914 3362 1094 3428 iustificati
1116 3361 1227 3444 gratis
1252 3377 1316 3443 per
1331 3359 1485 3441 gratiam

274 3465 383 3528 'dono
421 3465 531 3548 ipsius
572 3470 607 3529 et
644 3469 760 3547 gratia
797 3489 862 3552 per
958 3468 1076 3550 ipsius,
1108 3484 1173 3550 per
1195 3463 1484 3546 redemptionem,

290 3570 580 3652 redemptionem,
619 3588 710 3652 quae
742 3578 795 3638 est
825 3575 860 3638 in

291 3674 429 3742 Christo
452 3675 473 3739 J
476 3694 546 3742 esu,
561 3674 590 3761 4)

500 3831 585 3916 Gap.
604 3833 645 3898 V.

355 3953 390 3999 v.
414 3933 444 4001 2.
489 3936 682 4018 gloriamur
722 3937 757 4001 in
798 3955 861 4020 spe

292 4039 506 4104 claritatis
529 4039 605 4122 Dei,
915 4040 1050 4122 gloriae
1072 4039 1224 4103 filiorum
1246 4037 1314 4102 Dei

396 4195 486 4264 ¹)230,
508 4195 570 4249 1de
589 4194 691 4248 cathol.
711 4195 781 4248 eccl.
800 4194 910 4261 unlaz,
928 4195 1038 4249 ebenso
1058 4211 1117 4264 452,
1138 4211 1170 4263 19
1188 4201 1259 4247 sent.
1271 4191 1361 4263 episc.
1371 4208 1414 4261 47,
1434 4208 1481 4244 wo

292 4280 337 4335 fiir
357 4282 411 4336 das
429 4299 453 4336 2.
473 4282 600 4336 illorum:
629 4298 730 4335 eorum
755 4281 840 4350 steht,
871 4281 1014 4336 wahrend
1032 4283 1092 4352 675,
1115 4282 1198 4351 6ep.
1217 4297 1294 4351 59,7
1322 4297 1348 4334 u.
1372 4278 1486 4346 742,16

292 4386 338 4439 ep.
355 4371 400 4440 67,
417 4372 435 4424 8
453 4369 498 4424 mr
517 4370 570 4424 das
589 4385 612 4423 1.
632 4368 759 4423 illorum:
788 4386 891 4424 eorum
910 4386 945 4423 zu
966 4369 1047 4424 lesen
1077 4387 1101 4423 u.
1122 4385 1181 4439 732,
1206 4369 1239 4421 16
1263 4384 1309 4435 ep.
1327 4368 1406 4435 66,8
1433 4365 1486 4419 mit

291 4456 477 4526 gegebenem
495 4455 573 4510 Text
590 4455 831 4510 libereinstimmt.
848 4485 883 4494 ·-
901 4457 922 4522 ¹)
943 4458 1000 4527 178,
1018 4458 1036 4510 6
1054 4465 1117 4511 test.
1143 4455 1249 4525 111,9a
1276 4486 1303 4494 -
1332 4454 1432 4523 ⁸)424,
1453 4452 1486 4506 16
1593 4439 1594 4466 ³

293 4541 329 4596 de
348 4543 411 4597 zelo
430 4551 459 4597 et
477 4542 524 4597 liv.
543 4544 568 4597 8.
587 4573 621 4581 —
640 4544 659 4609 ⁴)
677 4559 720 4611 94,
742 4558 774 4594 12
792 4550 855 4596 test.
875 4542 910 4611 ll,
928 4559 970 4614 27.
1593 4531 1594 4548 ¹
