3198 5048
627 363 834 463 Q-

276 659 548 746 Cyprianus
941 655 1150 740 Vulgata

197 904 233 954 u.
257 885 287 952 7.
325 883 412 950 nihil
430 886 446 922 *
466 886 502 949 iu
520 885 647 950 ulimus
670 887 705 950 in
762 887 898 951 *enim

132 991 229 1055 hunc
251 991 439 1071 mundum,
464 1008 607 1055 verum
630 1009 706 1056 nec
760 990 855 1055 haud
868 990 1116 1073 dubiumquod
1131 991 1332 1055 necaufere

134 1094 284 1160 aufere
307 1111 534 1177 possumus.
804 1096 887 1178 quid
911 1114 984 1178 pou.

198 1234 233 1282 v.
257 1215 287 1281 8.
333 1215 507 1281 habentes
544 1216 706 1299 itaque
761 1219 926 1285 hautem
945 1218 1124 1298 alimenta,
1147 1221 1184 1281 et
1206 1217 1332 1299 quibus

133 1320 293 1384 victum
325 1325 365 1385 et
401 1322 615 1402 vestitum,
653 1321 707 1385 his
804 1320 1331 1406 tegamur,hisoontentisimuS.

133 1425 293 1490 contenti
315 1425 432 1493 simus.

204 1565 238 1611 v.
261 1547 292 1613 9.
327 1548 395 1630 qui
418 1554 560 1613 autem
583 1549 707 1613 volunt
760 1549 926 1631 namqui

134 1652 264 1717 divites
315 1653 411 1736 fieri,
466 1655 627 1718 incidunt
671 1652 706 1715 in

134 1756 708 1841 temptationemettlaqueum
761 1757 991 1824 tentationem
1082 1755 1159 1819 *in

136 1860 270 1924 diaboli
293 1865 328 1924 et
351 1861 527 1926 desideria
557 1861 706 1926 multa*
763 1863 779 1899 *
804 1860 943 1926 inutilia

136 1968 178 2027 et
196 1964 412 2046 nocentia,
437 1983 528 2048 quae
545 1971 708 2049 mergunt
761 1973 797 2032 et
819 1965 951 2031 nociva

135 2068 314 2134 hominem
350 2069 385 2132 in
427 2071 707 2154 perditionem
761 2073 934 2153 Stellung:
975 2069 1155 2135 interitum
1188 2075 1223 2135 et
1255 2088 1331 2153 per-

136 2179 174 2239 et
196 2173 463 2243 interitum.
805 2175 983 2242 ditionem.

203 2314 237 2360 v.
249 2296 299 2363 10.
323 2295 426 2360 radix
443 2297 537 2362 enim
555 2299 709 2363 omniurn

137 2402 311 2465 malorum
325 2406 378 2466 est
400 2402 585 2486 cupiditaS,
602 2421 708 2485 quam

139 2506 284 2589 quidam
316 2507 581 2590 adpetenteS,
614 2525 708 2571 nau·
762 2509 970 2590 appetentes

138 2613 465 2695 fragaverunt
501 2631 523 2677 a
560 2613 629 2676 tide
673 2618 709 2678 et
762 2614 974 2675 erraverunt

139 2716 365 2782 inseruerunt
426 2735 464 2781 se
531 2716 709 2781 doloribus

139 2821 268 2888 multia
283 2820 306 2902 ¹)

421 3011 606 3116 [histob
638 3010 689 3099 ad
719 3008 983 3099 Timotheum
1016 3008 1053 3098 ΙΙ.

349 3187 435 3271 Cap.
459 3187 503 3254 II.
738 3191 741 3321 Ι

206 3309 240 3358 v.
259 3293 290 3356 4.
318 3310 421 3356 nemo
444 3291 600 3356 militans
624 3291 711 3371 Dec,

142 3395 290 3478 inplicat
328 3413 366 3461 se
405 3396 555 3478 negotiis
592 3415 712 3462 saecu-

142 3499 286 3581 laribus,
310 3506 354 3565 ut
377 3501 509 3583 possit
536 3503 712 3584 plaeere
765 3503 803 3563 ut
822 3499 854 3563 ei
867 3499 1019 3582 placeat,
1040 3500 1146 3565 ouise
1160 3501 1335 3584 probavit.

144 3605 195 3687 ei,
218 3607 289 3688 qui
312 3625 355 3671 se
378 3607 603 3689 probavit,

209 3711 286 3776 ui).
312 3711 382 3776 sed
405 3711 502 3775 etsi
526 3710 713 3775 certabit
766 3726 848 3772 narn
873 3712 908 3772 et
931 3709 990 3791 qui
1013 3713 1129 3774 certat
1151 3711 1187 3774 in
1211 3727 1336 3791 agone,

144 3817 254 3899 quie,
299 3835 378 3881 non
423 3815 712 3898 coronabitur,
810 3831 945 3894 none,

144 3921 382 4004 nisilegitime
406 3919 671 4004 pugnaverit.
683 3915 712 4004 ²)
767 3917 971 3982 certaverit.

250 4061 270 4130 ¹)
292 4061 350 4130 165,
370 4074 402 4129 15
420 4058 526 4114 testim.
545 4057 591 4127 111,
608 4058 652 4125 61,
671 4056 781 4111 ebenso
798 4056 859 4124 381,
878 4072 913 4109 20
931 4055 969 4110 de
987 4072 1033 4125 op.
1046 4062 1075 4108 et
1093 4053 1148 4108 ele.
1168 4071 1209 4118 10,
1228 4071 1276 4109 wo
1290 4054 1336 4108 fiir

53 4207 56 4213 ,
144 4148 262 4204 rictum:
282 4145 500 4217 exhibitionem,
519 4145 565 4200 fiir
583 4143 733 4199 vestitum:
753 4151 954 4213 tegamentum
979 4143 1038 4196 und
1057 4141 1103 4195 sur
1121 4142 1257 4211 laqueum
1277 4142 1335 4195 dia·

146 4235 215 4290 boli:
243 4233 407 4305 muscipula
432 4233 517 4288 steht
553 4231 704 4286 Letzteres
733 4229 783 4284 hat
809 4230 882 4284 auch
901 4232 961 4299 281,
991 4249 1023 4302 17
1051 4231 1089 4285 de
1108 4230 1184 4284 dom.
1203 4237 1274 4283 orat.
1297 4245 1336 4297 19.

146 4322 201 4378 Die
220 4340 247 4377 v.
266 4339 284 4392 9
302 4337 327 4376 u.
349 4338 382 4375 10
399 4321 498 4391 bringi
516 4319 590 4375 auch
607 4336 668 4390 245,
690 4336 721 4389 14
741 4319 778 4372 de
797 4319 852 4388 lap.
873 4335 905 4372 12
922 4318 1082 4388 gleichsalls
1101 4317 1153 4372 mit
1167 4316 1337 4388 uuuscipula

146 4409 190 4464 ihr
209 4409 225 4464 l.
246 4409 272 4462 d.
290 4437 325 4448 ·-
353 4410 373 4478 ¹)
395 4425 453 4478 124,
473 4424 506 4463 10
531 4407 637 4462 testim.
657 4407 703 4470 ΙΙΙ,
724 4423 764 4471 11,
783 4406 893 4460 ebenso
910 4422 971 4476 330,
989 4423 1007 4476 3
1024 4407 1061 4461 ad
1080 4405 1227 4461 fortunat
1245 4405 1271 4471 8,
1290 4421 1337 4458 wo

147 4496 192 4552 sur
210 4495 346 4550 certabit:
365 4494 523 4550 certaverit
540 4494 623 4550 steht.
666 4511 693 4548 v.
712 4512 729 4563 4
747 4492 839 4547 findet
855 4492 918 4547 sich
935 4495 996 4564 465,
1017 4511 1050 4564 13
1067 4511 1114 4565 ep.
1134 4509 1159 4561 1,
1179 4508 1192 4546 1
1213 4491 1265 4546 mit
1283 4492 1337 4546 der

145 4585 361 4655 Abweiehung:
382 4583 523 4642 molestiis
542 4582 749 4650 saecularibus,
770 4592 799 4636 ut
809 4581 901 4653 possit
911 4583 1030 4654 placere
1043 4581 1079 4652 ei,
1089 4581 1134 4637 cui
1146 4597 1178 4635 se
1191 4579 1335 4653 probavit.
