3198 5048
272 663 540 748 Cyprianus
931 659 1140 744 Vulgata

1164 795 1320 816 m

191 896 220 959 4.
245 894 451 976 proditores,
474 909 696 976 procaces
752 889 921 973 protervi,
952 887 1076 953 tumidi
1099 891 1134 952 et
1160 887 1321 969 volupta-

124 1002 296 1081 stupore
312 997 476 1077 infiati,
496 998 698 1080 voluptates
795 999 869 1060 tum
892 997 1071 1060 amatores
1088 993 1199 1076 magis
1215 1015 1321 1080 quam

123 1103 239 1184 magis
256 1121 362 1186 quam
380 1101 484 1167 deum
501 1099 697 1182 diligentes
796 1099 862 1165 dei.

192 1224 222 1296 5,
261 1225 432 1290 habentes
453 1223 470 1263 '¹‘
490 1221 697 1288 deforma·
754 1221 771 1257 a
795 1219 950 1302 speciem
973 1219 1114 1302 quidem
1137 1221 1279 1304 pietatis

125 1330 284 1395 tionem
334 1328 580 1411 religionis,
624 1324 697 1388 vir-
1074 1351 1075 1356 1

126 1440 240 1498 tutem
251 1437 370 1499 autem
380 1432 455 1498 eius
469 1431 697 1516 abnegantes,
760 1490 762 1494 ,
778 1509 779 1514 ¹

193 1537 224 1605 6.
271 1539 360 1603 *Ex
391 1537 445 1602 his
466 1535 483 1622 Ψ
504 1539 604 1616 sunt,
640 1533 699 1617 qui
725 1584 727 1611 ,
755 1535 771 1570 *
796 1539 832 1599 et
854 1533 917 1598 hos
941 1535 1062 1600 devita
1166 1535 1205 1574 *³²
1227 1537 1324 1601 enim

126 1646 281 1725 repunt
304 1642 340 1706 in
365 1642 486 1706 domos
509 1645 545 1706 et
575 1657 699 1724 prae·
754 1643 943 1722 penetrant

127 1745 521 1810 danturmulierculas
532 1746 699 1808 oneratas
755 1741 918 1826 captivas
942 1743 1074 1808 ducunt

126 1849 310 1934 peccatis,
369 1866 461 1931 quae
524 1839 700 1912 ducuntur
766 1875 768 1880 v

127 1953 241 2019 variis
264 1953 462 2035 desideriis,

197 2058 227 2124 7.
271 2077 411 2143 semper
447 2057 625 2123 discentes
665 2062 700 2123 et

129 2179 310 2246 nunquam
334 2163 381 2226 ad
403 2161 589 2227 scientiam
611 2162 699 2228 veri-

131 2268 217 2332 tatis
239 2267 499 2351 pervenientes,
568 2335 584 2344 Η

198 2389 228 2455 8.
269 2389 319 2453 Et
341 2388 546 2470 quomodo
568 2385 702 2450 Jannes

133 2498 171 2560 et
180 2493 357 2558 Mambres
366 2489 703 2571 resistenthoysi,
1187 2553 1189 2556 .

132 2598 196 2663 sic
218 2601 257 2662 et
279 2596 316 2660 hi
337 2595 506 2662 resistunt
527 2594 702 2676 veritati*
758 2595 808 2659 ita
829 2595 1015 2660 *homines
1028 2599 1185 2681 corrupti
1199 2603 1327 2679 mente,

802 2699 944 2783 reprobi
967 2701 1064 2765 circa
1087 2701 1192 2768 fidem

728 2355 731 2409 ¹
757 2387 1050 2468 quemadmodum
1074 2394 1193 2455 autem

196 2805 226 2874 9.
271 2806 334 2870 sed
362 2805 475 2870 *non
518 2805 704 2887 proficient
762 2805 898 2869 *ultra

134 2907 707 2995 plurimumzimperitiaenim
761 2911 948 2994 plurimum
971 2909 1069 2990 fehlt,
1128 2909 1329 2994 insipientia

136 3031 259 3080 eorum
285 3013 474 3079 manifesta
508 3011 575 3078 erit
601 3011 707 3077 omni·
1148 3019 1150 3022 ’

135 3120 212 3202 bue,
235 3119 325 3184 sicut
348 3121 384 3183 et
404 3117 545 3182 illorum
566 3116 669 3198 fuit1)

265 3333 267 3338 ’
338 3308 422 3392 Cap.
450 3307 509 3376 IV.

64 3419 66 3423 ’
196 3432 271 3501 v.3.
295 3430 708 3513 Erit*tempuaquan-
764 3431 898 3496 ienim
1009 3447 1088 3494 oum

140 3539 193 3602 do
230 3555 354 3602 sanam
394 3536 592 3600 doctrinam
637 3552 706 3598 non
817 3612 819 3616 ι

141 3641 371 3720 sustinebunt,
395 3640 458 3704 sed
480 3637 710 3704 secundum
764 3642 810 3706 ad

141 3763 205 3809 sua
238 3743 414 3808 desideria
445 3743 711 3808 coacervabunt

142 3848 208 3913 sibi
226 3847 422 3930 magistros,
446 3847 645 3931 prurientes
667 3848 710 3912 in

142 3953 351 4034 audiendo
409 3951 713 4039 (scalpentes
756 3955 900 4020 auribus
988 3953 1101 4036 scalp.
1121 3970 1228 4018 aures
1247 3952 1334 4018 fehlt

142 4061 298 4136 aurem
1305 4067 1307 4072 ·

207 4161 239 4227 t
283 4165 318 4227 et
341 4179 363 4226 a
385 4161 540 4226 veritate
574 4161 714 4243 quidem

144 4267 303 4332 auditum
320 4270 496 4348 avertent,
515 4267 561 4331 ad
575 4267 715 4332 fabulas
825 4255 829 4262 ’

144 4377 263 4442 autem
288 4376 552 4438 convertentur.
566 4369 591 4449 2)

250 4583 270 4650 ¹)
288 4597 348 4652 224,
369 4597 401 4653 17
420 4581 457 4636 de
476 4580 550 4636 cath.
569 4580 639 4636 eccl.
658 4579 714 4636 uni.
736 4581 776 4638 16.
795 4609 829 4619 -
846 4580 867 4647 ²)
888 4577 946 4650 169,
964 4595 982 4649 3
999 4578 1104 4634 tostini.
1124 4579 1169 4650 ΙΙΙ,
1187 4579 1229 4652 67.
1250 4569 1252 4573 ’
1296 4615 1297 4618 =
