3236 5056
419 629 687 718 Cyprianus
1080 632 1286 718 Vulgata

274 855 408 940 ligere
463 859 553 922 filios
601 864 679 925 tuos
727 861 843 926 siout
941 860 1236 942 quemadmodum
1247 859 1469 942 gallinacon-

273 960 408 1041 gallina
444 963 558 1046 pullos
592 965 655 1028 sub
679 965 765 1046 alas
808 970 843 1031 et
940 970 1067 1048 gregat
1076 965 1189 1048 pullos
1208 981 1287 1029 suos
1303 965 1366 1030 sub
1381 965 1468 1044 alae,

273 1065 440 1132 noluisti?
1326 1087 1331 1097 ’

338 1167 389 1235 38.
413 1188 499 1236 eooe
511 1173 727 1256 relinquetur
742 1175 844 1238 vobis

275 1271 396 1338 domus
418 1279 541 1340 vestra
564 1277 715 1344 deserta.
734 1278 756 1360 ¹)

439 1430 523 1515 Oap.
548 1433 676 1500 XXIV.

336 1553 371 1600 v.
386 1533 415 1602 2.
444 1557 515 1602 non
533 1539 783 1622 relinquetur*
802 1540 843 1604 in
899 1535 916 1575 ²¹¹
940 1535 998 1600 hie

274 1641 430 1724 templo
446 1642 537 1725 lapis
552 1661 658 1726 super
677 1643 842 1726 lapidem,
897 1641 933 1705 in
956 1643 1087 1725 templo
1110 1642 1198 1706 fehlt

277 1745 427 1828 quinon
452 1745 719 1813 dissolvatur.
733 1745 759 1826 2)
897 1745 1110 1810 destruatur.

337 1867 371 1916 v,
384 1851 414 1914 4.
450 1855 616 1932 cavete,
636 1869 681 1915 ne
701 1853 842 1935 quivos
896 1850 1026 1930 videte,
1049 1869 1094 1915 ne
1117 1850 1194 1933 quis

272 1954 413 2035 fallat,
897 1953 1045 2018 seducat

336 2057 365 2122 d.
394 2059 494 2123 multi
517 2059 610 2124 enim
637 2060 782 2125 venient
806 2062 842 2125 in

270 2163 842 2248 nominemeo,dieentes,egosum

272 2263 440 2348 Christus,
463 2273 499 2332 et
530 2269 657 2332 multos
680 2269 840 2336 fallent.
896 2267 1066 2331 seducent

334 2370 363 2438 6.
389 2371 607 2454 incipietis
631 2377 749 2437 autem
770 2392 840 2439 au·
895 2370 1049 2435 audituri
1087 2371 1179 2435 enim
1212 2369 1296 2435 estis
1331 2369 1466 2452 proelia

272 2472 362 2538 dire
386 2474 499 2539 bella
521 2480 555 2538 et
572 2475 735 2539 auditus
755 2477 840 2542 bel·
939 2480 973 2540 et
997 2475 1177 2558 opiniones
1200 2473 1413 2557 proeliorum

271 2576 414 2647 lorum,
460 2579 588 2658 videte,
620 2579 751 2645 nolite
781 2585 840 2645 tu·
895 2578 1153 2643 neturbemini

272 2682 486 2750 multuari:
529 2688 667 2766 oportet
699 2685 792 2750 enim
822 2686 838 2724 e
895 2681 1025 2746 *haee

271 2786 364 2853 fieri:
388 2789 451 2853 sed
468 2790 621 2854 nondum
645 2792 698 2854 est
720 2790 808 2870 finis

335 2891 364 2957 7.
398 2897 589 2976 exurget
612 2897 730 2957 etitem
753 2913 840 2976 gens
895 2893 1083 2970 consurget
1129 2889 1222 2954 enim
1267 2908 1354 2972 gens
1399 2889 1434 2952 in

274 3013 396 3077 super
439 3000 581 3077 gentem
618 3001 653 3060 et
692 3014 840 3078 regnum
937 3000 1079 3077 gentem

270 3116 392 3180 super
418 3117 566 3182 regnum
589 3104 624 3165 et
648 3105 750 3165 erunt
772 3101 839 3166 fa·
896 3098 932 3161 in

271 3220 353 3265 mes
367 3207 402 3266 et
416 3207 534 3269 terrae
544 3209 657 3269 motus
668 3208 703 3270 et
715 3206 839 3287 pesti·
893 3203 1117 3286 pestilentiae
1138 3207 1173 3267 et
1187 3203 1300 3267 fames
1319 3199 1464 3286 (Umst.)

270 3304 426 3370 lentiae
454 3325 518 3390 per
545 3308 683 3390 singula
710 3309 799 3374 looa.
893 3307 1032 3389 singula
1055 3307 1143 3372 fehlt

333 3410 365 3476 8.
380 3411 514 3475 omnia
528 3416 663 3476 autem
680 3412 763 3476 ista
778 3413 839 3477 ini·
893 3411 983 3476 haee
1001 3415 1119 3476 autem
1134 3411 1251 3474 omnia
1265 3409 1365 3475 initia
1385 3415 1465 3474 sunt

270 3514 836 3598 tieparturitionumsunt.
893 3517 1052 3580 dolorum

333 3617 364 3684 9.
397 3617 496 3682 Tune
531 3619 674 3686 tradent
706 3640 771 3686 vos
803 3623 839 3686 in
893 3619 1157 3685 tribulationem

269 3719 840 3805 pressurametinterfioient
894 3725 1057 3789 oeoident

269 3845 344 3908 vos,
367 3831 402 3891 et
425 3827 522 3891 eritis
557 3827 735 3892 odibiles
770 3848 839 3893 om·
893 3830 971 3894 odio

268 3931 370 4008 nibus
405 3930 569 4014 gentibus
600 3937 746 4014 propter
780 3952 838 3996 no-

269 4055 350 4100 men
372 4055 498 4100 meum.

322 4139 372 4205 10.
385 4144 420 4204 et
432 4143 516 4202 tuno
527 4140 839 4206 scandalizoabun-

267 4251 324 4310 tur
343 4244 443 4308 multi
467 4250 502 4308 et
520 4244 674 4308 invicem
698 4247 840 4310 tradent

268 4357 303 4416 et
326 4350 472 4414 odient
495 4349 659 4414 invicem.
893 4350 972 4413 odio
995 4349 1175 4415 habebunt

372 4541 392 4610 ¹)
411 4557 455 4610 44,
476 4556 508 4610 14
527 4538 636 4594 testim.
656 4539 676 4610 1,
694 4540 719 4594 6,
739 4571 771 4579 -
791 4541 810 4608 ²)
830 4558 874 4611 49,
894 4555 927 4612 15
944 4539 1050 4596 testim.
1070 4539 1090 4612 Ι,
1111 4555 1150 4612 15.
