3236 5056
874 342 917 408 46

895 569 898 672 ³

443 634 713 721 Cyprianus
1104 636 1312 718 Vulgata

1302 775 1491 782 ——-—-

300 880 411 944 rere,
457 883 546 928 unus
582 867 790 950 pharisaeus
837 872 872 931 et

301 984 405 1030 unus
428 968 648 1054 publicanus.
926 971 1017 1033 ulter

366 1088 400 1135 v.
426 1071 473 1134 li.
518 1068 728 1154 pharisaeus
772 1093 871 1138 oum
926 1079 1025 1138 stans

302 1173 515 1256 stetisset,
556 1177 661 1241 talia
701 1180 796 1262 apud
833 1197 871 1244 se
925 1178 1012 1242 haec

267 1340 270 1344 .
301 1277 684 1357 precabaturzDeus
707 1283 871 1364 gratias
925 1283 1054 1346 orabat
1131 1298 1192 1362 ‚gu
1217 1298 1273 1362 ag.
1298 1279 1362 1344 tibi

301 1381 377 1445 tibi
399 1400 476 1464 ago,
501 1384 583 1466 quia
606 1404 677 1472 non
693 1405 768 1450 sum
781 1387 872 1451 siout

302 1488 413 1551 ceteri
434 1488 628 1569 homines,
648 1491 776 1571 iniusti,
792 1509 871 1574 rap·
925 1491 1118 1556 hominum:
1142 1493 1315 1573 raptores,
1339 1487 1457 1552 iniusti

302 1595 407 1668 tores,
420 1591 582 1673 adulteri,
604 1595 809 1675 quomodo
832 1600 872 1660 et
924 1596 1024 1660 velut
1047 1595 1154 1660 etiam
1469 1583 1475 1593 “

303 1695 513 1776 publicanus
537 1697 639 1764 iste.
925 1699 983 1763 hic
1005 1716 1071 1764 vor
1093 1699 1188 1781 publ.
1276 1698 1342 1762 iste
1365 1696 1452 1760 fehlt

368 1819 402 1864 v.
417 1800 465 1866 12.
478 1802 593 1866 ieiuno
605 1803 701 1866 bisin
711 1803 871 1885 sabbate,
1428 1787 1431 1790 ¹

303 1907 460 1971 decimas
483 1908 527 1972 do
551 1907 714 1988 omnium,
734 1926 872 1990 quae·
926 1925 1017 1989 quae

303 2029 475 2094 cumque
498 2013 669 2094 possideo,

368 2133 402 2180 v.
415 2115 464 2180 13.
481 2115 719 2200 *publicanus
734 2121 872 2181 eutem
926 2115 943 2152 *
966 2121 1002 2180 et
1088 2118 1208 2180 autem
1230 2113 1319 2178 fehlt

305 2220 348 2284 de
390 2221 616 2303 longinquo
659 2222 801 2287 stabat
833 2227 874 2287 et
927 2223 1077 2305 alonge
1095 2226 1198 2286 stans

303 2341 436 2404 neque
486 2327 627 2390 ooulos
672 2345 770 2392 suos
813 2329 873 2394 le·
927 2326 1071 2390 nolebat
1093 2345 1169 2392 nee.
1196 2327 1315 2390 (10.0(1
1337 2324 1426 2390 cael.
1450 2323 1497 2387 le

305 2428 439 2492 vebat
462 2429 507 2492 ad
532 2430 707 2511 eaelum,
724 2432 786 2495 sed
797 2450 874 2515 per·
971 2450 1059 2497 vare

305 2532 462 2598 outiebat
479 2538 603 2616 peetus
623 2553 723 2598 suum
738 2535 873 2602 dicens:

305 2637 401 2702 Deus
445 2637 616 2720 propitius
662 2644 736 2704 esto
789 2640 875 2706 mihi

305 2743 497 2823 peccatori.
666 2735 671 2744 '
766 2733 769 2740 ’
969 2729 973 2736 ’

370 2865 404 2910 v.
424 2847 473 2912 14.
499 2847 578 2909 dioo
597 2846 708 2928 vobis,
732 2848 875 2912 descen·
982 2867 984 2874 ·

307 2951 357 3014 dit
378 2951 436 3015 hie
453 2949 713 3032 justificatusin
735 2951 875 3014 domum

307 3073 407 3119 suum
452 3053 587 3135 magis
632 3047 750 3136 quam
800 3055 875 3120 ille
930 3055 1058 3120 abillo
1146 3054 1204 3138 ph.
1228 3054 1315 3118 fehlt

306 3158 876 3242 pharisaeus3quiaomnis,qui

307 3280 345 3327 se
365 3263 547 3344 extollit,
570 3261 821 3342 humiliabitur,
841 3267 876 3326 et
930 3265 1067 3330 exaltat

307 3366 365 3449 qui
384 3385 422 3430 se
433 3365 604 3447 humiliat,
617 3365 876 3452 exaltabitur.¹)

372 3490 406 3536 v.
427 3469 478 3538 29.
525 3489 629 3535 amen
662 3471 740 3536 (1100
765 3472 876 3554 vobis,

307 3593 409 3640 nemo
447 3578 510 3657 est,
548 3575 606 3658 qui
648 3575 878 3658 reliquerit
931 3574 1073 3657 reliquit

308 3681 448 3745 domum
493 3685 555 3746 aut
598 3683 766 3763 parentes
817 3683 878 3744 aut

307 3785 436 3850 fratres
459 3789 521 3849 aut
542 3802 688 3849 uxorem
711 3790 773 3848 aut
789 3784 878 3848 filios

308 3893 453 3971 propter
475 3905 623 3971 regnum
646 3887 723 3971 Dei,

373 4010 407 4057 v.
432 3990 485 4058 30.
530 3996 566 4058 et
610 4011 680 4056 non
725 3993 878 4075 recipiat

310 4096 472 4180 septies
516 4100 678 4160 tantum
717 4097 753 4172 iu
799 4097 878 4161 isto
932 4095 1168 4178 multoplura
1255 4093 1323 4158 hoo

309 4207 478 4284 tempore,
496 4198 562 4262 *in
574 4202 717 4265 saeculo
741 4205 879 4266 autem
931 4201 948 4237 ¹³⁸
971 4205 1007 4265 et
1095 4204 1214 4263 autem
1236 4197 1324 4262 fehlt

310 4311 460 4372 venturo
483 4303 595 4367 vitam
618 4308 811 4373 aeternam.
824 4305 853 4392 2)
905 4319 908 4390 u

415 4446 434 4514 ¹)
453 4462 513 4517 270,
532 4461 547 4515 7
567 4445 603 4498 de
623 4445 700 4498 dom.
719 4453 790 4498 orat.
805 4444 830 4499 6.
849 4474 883 4482 -
901 4443 992 4514 ²)130,
1014 4460 1046 4496 10
1064 4441 1168 4496 testim.
1190 4439 1294 4507 111,16;
1314 4439 1439 4508 reliquat
1457 4435 1501 4490 fur

310 4531 461 4604 reliquerit
479 4549 505 4587 u.
524 4541 573 4586 aut
590 4548 695 4601 agrum
722 4532 797 4586 nach
825 4531 952 4585 domurn.
989 4531 1026 4584 ad
1045 4529 1183 4584 Fortunat
1204 4544 1265 4598 345,
1286 4545 1326 4596 14,
1348 4543 1379 4580 12
1399 4543 1425 4580 u.
1445 4523 1500 4594 dgl.

312 4641 339 4695 p.
356 4623 418 4693 658,
439 4636 479 4691 15,
497 4637 544 4692 ep.
562 4621 605 4692 58,
624 4636 649 4673 2.
