3198 5048
270 610 545 701 Gyprlanus
931 613 1144 697 Vulgata

123 749 439 770 m

191 838 223 906 3.
246 859 316 904 non
339 841 450 904 solum
474 844 604 920 autem,
635 841 697 905 sed

122 949 161 1010 et
184 944 378 1027 gloriamur
395 946 431 1009 in
449 963 618 1030 pressu
631 946 697 1010 ris
751 945 1046 1027 tribulationibus,
1060 944 1324 1027 scientes,quod

122 1049 288 1130 seientes,
327 1050 493 1132 quoniam
534 1068 698 1133 pressura
794 1048 974 1114 tribulatio
998 1049 1207 1140 patientiam
1231 1069 1286 1133 op.

121 1153 352 1218 tolerantiam
376 1159 553 1236 operatur,

188 1257 218 1321 4.
264 1257 497 1322 tolerantia
576 1263 697 1323 autem
751 1257 925 1344 patientia

119 1359 390 1444 probationem,
423 1361 585 1444 probatio
617 1380 696 1426 au·
750 1377 837 1424 vero

120 1465 215 1526 tem
237 1481 350 1546 spem,

189 1563 218 1636 5.
264 1584 345 1649 spes
368 1571 487 1632 autem
520 1587 590 1634 non
614 1588 695 1634 con·

119 1669 247 1753 fundit,
288 1671 371 1754 quia
394 1672 605 1738 dilectio
628 1673 696 1739 Dei
749 1671 906 1736 charitas
920 1672 962 1738 D.

120 1773 261 1839 infusa
284 1779 337 1840 est
368 1776 533 1842 cordibus
565 1779 695 1843 nostris
749 1773 876 1841 diffusa
890 1781 943 1842 est
958 1777 993 1842 in
1011 1796 1041 1842 c.
1057 1797 1090 1842 11.
1192 1847 1194 1854 ,
1303 1851 1305 1858 ,

117 1877 382 1962 perspiritum
419 1885 593 1964 sanctum,
635 1883 694 1964 qui

119 1983 227 2046 datus
250 1987 304 2047 est
326 1983 438 2050 nobis.
454 1982 482 2070 ¹)

190 2106 225 2154 v.
240 2087 269 2154 8.
293 2087 323 2152 si
341 2106 421 2153 cum
441 2090 694 2175 adhucpecca-
749 2087 915 2170 quoniam
937 2106 1018 2152 cum
1041 2089 1096 2152 ad.
1112 2107 1146 2172 p.
1168 2107 1245 2170 ess,
1269 2108 1320 2154 se·

121 2197 219 2256 tores
243 2211 408 2275 essemus
793 2192 946 2256 cundum
970 2195 1118 2276 tempus,

188 2296 219 2364 9.
266 2295 423 2364 Christus
477 2318 541 2382 pro
594 2301 695 2366 nobis

123 2407 285 2468 mortuus
316 2409 379 2486 est,
410 2407 520 2470 multo
545 2405 695 2490 *magis
750 2399 895 2483 *igitur

120 2527 219 2573 nunc
247 2509 427 2574 iustificati
455 2511 491 2574 in
523 2511 695 2592 sanguine
1386 2587 1389 2593 ,

121 2611 218 2675 illius
240 2612 491 2678 eliberabimur
514 2632 578 2697 per
595 2615 693 2680 illum
746 2609 865 2692 ipsius
905 2610 997 2674 salvi
1033 2609 1162 2674 erimus
1195 2609 1241 2674 ab
1264 2609 1318 2674 ira

118 2716 167 2780 ab
191 2716 254 2780 ira.
278 2715 303 2798 ²)
790 2733 855 2797 per
876 2715 1001 2798 ipsum.

308 2872 395 2956 Cap.
417 2873 513 2941 VIII.

184 2994 219 3041 v.
235 2973 286 3041 12.
312 2977 441 3059 itaque,
465 2977 604 3060 fratrea,
620 2999 691 3044 non
746 2991 841 3056 ergo,
851 2974 991 3057 fratres,
1003 2974 1179 3040 debitores
1194 2993 1313 3039 sumus

116 3081 312 3146 secundum
336 3099 480 3147 carnem
516 3082 690 3165 vivamus,
788 3097 857 3142 non
870 3078 981 3160 carni,
993 3083 1031 3143 ut
1041 3079 1233 3144 secundum
1246 3100 1315 3146 αν.

184 3186 235 3252 13.
282 3188 312 3251 si
357 3188 451 3253 enim
496 3188 690 3252 secundum

116 3307 264 3355 carnem
283 3291 448 3371 vinitio,
467 3291 690 3374 incipietis
744 3287 916 3370 vixeritis,
940 3287 1137 3352 moriemini

115 3394 233 3475 mori,
254 3394 283 3458 si
302 3401 421 3459 alutem
440 3394 565 3477 spiritu
580 3413 689 3478 opera

116 3499 687 3579 carnismortificatis,vivetis.
742 3495 1042 3560 mortificaveritis

185 3603 235 3672 14.
272 3607 476 3685 quotquot
510 3603 603 3668 enim
621 3605 689 3686 spi·
742 3601 953 3684 quicumque

115 3707 187 3770 ritu
223 3705 285 3771 Dei
318 3711 490 3788 aguntur,
527 3706 572 3771 hi
607 3713 689 3773 sunt
743 3706 768 3770 ii

117 3810 180 3874 filii
204 3810 282 3875 Dei.
296 3809 321 3892 3)

181 3932 216 3977 v.
240 3913 292 3982 16.
327 3932 445 3979 sumus
468 3914 530 3979 filii
552 3915 629 3986 Dei.
743 3913 836 3996 quod
857 3930 976 3978 sumus
999 3913 1061 3976 filii
1084 3913 1161 3982 Dei.

181 4016 233 4084 17.
278 4017 308 4081 si
352 4022 470 4082 autem
515 4019 598 4098 filii,
653 4024 688 4084 et

115 4122 318 4203 heredes*
353 4123 546 4189 coheredes
569 4129 688 4190 autem
744 4123 934 4188 *heredes
957 4122 1099 4205 quidem
1122 4122 1199 4204 Dei,
1233 4126 1310 4192 coh.

115 4224 259 4310 Christi;
303 4227 474 4310 siquidem
519 4229 688 4312 compati·
785 4245 816 4292 a.
838 4227 930 4310 Chr,
954 4228 984 4292 si
1006 4236 1126 4292 tamen
1146 4235 1310 4313 compat,

221 4434 240 4502 1)
261 4451 319 4504 119,
339 4452 372 4504 13
389 4444 453 4489 test.
473 4436 518 4507 lll,
536 4438 554 4490 6
571 4454 597 4490 u.
616 4452 676 4505 331,
704 4451 736 4505 14
754 4437 792 4490 ad
811 4435 959 4491 Fortunat.
977 4454 1002 4507 9.
1032 4467 1063 4474 -
1092 4437 1310 4509 ²)637,12ep.

115 4536 158 4592 55,
178 4523 217 4576 18.
237 4553 270 4562 -
289 4524 309 4591 ⁸)
328 4523 388 4592 428,
409 4539 442 4591 13
460 4524 497 4577 de
515 4524 578 4578 zelo
598 4533 627 4577 et
645 4523 693 4578 liv.
714 4540 754 4593 14.
