3198 5048
668 392 712 460 85

585 483 793 494 ——...-.-—

235 687 508 773 Cyprianus
689 621 693 838 Ι
899 687 1107 770 Vulgata

161 915 214 983 20.
248 936 318 982 non
345 918 492 1001 potestis
516 917 666 984 calicem

88 1023 234 1087 Domini
242 1024 364 1090 bibere
375 1029 411 1090 et
420 1025 571 1090 calicem
585 1024 666 1089 dae-

87 1127 302 1192 munierum:

161 1249 197 1294 v.
220 1229 273 1298 21.
310 1250 381 1296 non
404 1231 550 1314 potestis
571 1249 665 1296 meu·

89 1353 154 1400 sae
177 1335 318 1400 Domini
350 1336 664 1401 communicare
718 1337 911 1421 participes
935 1353 1012 1400 esse

88 1445 126 1506 et
148 1459 294 1506 mensae
318 1440 592 1506 daemoniorum.
608 1438 635 1525 1)

155 1563 191 1609 v.
211 1543 263 1610 22.
287 1544 405 1609 omnia
429 1543 579 1625 *licent
602 1543 664 1608 sed
720 1547 737 1586 1
761 1546 848 1612 mihi

87 1669 161 1715 non
185 1650 304 1714 omnia
326 1649 530 1734 expediunt.

156 1753 209 1821 23.
256 1754 403 1819 omnia*
438 1754 562 1834 licent,
603 1752 663 1817 sed
718 1755 844 1820 *mihi

88 1879 163 1924 non
186 1859 304 1923 omnia
327 1855 565 1938 2611111611111.1)

155 1983 190 2029 v.
215 1963 267 2032 33.
315 1963 475 2029 omnibus
506 1979 572 2046 per
594 1981 663 2027 om·
717 1965 808 2030 sicut
831 1967 866 2029 et
890 1981 955 2045 ego
982 1979 1046 2046 per
1073 1960 1191 2026 omnia
1219 1978 1288 2025 om-

91 2069 153 2134 nia
198 2071 337 2152 place0,
383 2087 453 2133 nou
498 2085 692 2195 quarens?
761 2068 864 2133 nibus
887 2067 1024 2151 placeo,

89 2174 184 2257 quod
203 2174 288 2237 mihi
307 2178 359 2238 est
373 2173 469 2254 utile,
493 2173 555 2238 sed
571 2173 663 2255 quod

89 2277 220 2358 multis,
244 2281 291 2342 ut
314 2278 578 2343 salventur.
594 2276 619 2358 ³)
718 2282 757 2342 111
779 2277 873 2342 salvi
896 2279 993 2343 fiant.

291 2432 377 2516 Cap.
402 2433 463 2503 XI.

149 2573 184 2619 v.
197 2554 225 2620 1.
248 2555 448 2622 Imitatores
461 2557 663 2640 maiestote,

90 2658 183 2722 sicut
206 2663 242 2724 et
264 2680 330 2744 ego
354 2660 493 2728 Christi.
508 2660 537 2748 1)

157 2782 192 2828 v.
212 2764 263 2832 16.
296 2765 326 2829 si
349 2766 427 2847 quis
450 2770 568 2830 anatem
592 2784 663 2848 pu·
716 2765 859 2831 videtur

91 2869 268 2948 tamarit,
304 2870 542 2958 contentiosus
576 2889 663 2953 esse,

90 2990 157 3036 nos
168 2973 277 3038 talem
293 2975 581 3040 consuetudinem
594 2993 663 3038 non

90 3077 662 3161 habemus,nequeecclssiaDei.⁵)

159 3199 192 3244 v.
206 3181 256 3246 19.
281 3186 419 3265 oportet
442 3186 478 3246 et
496 3175 663 3248 haereses

91 3303 181 3365 esse,
204 3289 243 3348 ut
266 3290 301 3350 61
324 3285 382 3368 qui
405 3285 545 3369 probati
572 3290 662 3366 sunt,

91 3389 271 3454 manifesti
294 3391 381 3453 fiant
404 3390 439 3452 in
463 3389 576 3456 vobis.
590 3390 614 3472 1)

160 3511 195 3558 v.
218 3491 271 3558 23.
296 3493 466 3556 Dominus
489 3493 603 3575 «lesus,
626 3493 662 3558 in

92 3615 163 3680 qua
173 3601 278 3662 nocte
291 3597 509 3680 tradebatur,
522 3597 663 3680 accepit

91 3719 233 3785 panem,

157 3806 209 3873 24.
252 3812 287 3872 61
319 3807 454 3889 gratias
487 3805 586 3889 egit
618 3811 663 3871 61
717 3822 828 3888 agens

92 3909 200 3992 fregit
241 3915 276 3974 et
315 3909 419 3978 dixit:
460 3910 568 3974 *hoc
609 3913 663 3974 est
718 3909 914 3993 *accipite
936 3914 971 3975 et
994 3911 1218 3992 manducate,

93 4032 221 4097 corpus
265 4032 404 4095 meum,
461 4015 554 4097 quod
598 4030 662 4096 pro

199 4255 220 4326 ¹)
239 4256 300 4327 248,
321 4274 353 4329 14
372 4257 409 4311 de
428 4257 486 4328 lap.
507 4273 539 4328 15
558 4275 583 4311 11.
602 4256 663 4327 518,
682 4272 716 4311 10
734 4273 780 4328 ep.
801 4257 842 4325 16,
859 4272 885 4312 2.
909 4286 942 4297 -
965 4255 986 4324 1)
1007 4257 1065 4326 176,
1082 4273 1100 4325 4
1117 4255 1222 4311 testim.
1241 4255 1290 4325 111,

94 4359 129 4413 92
147 4360 174 4398 11.
194 4361 253 4414 194,
279 4345 352 4399 8de
370 4344 457 4399 habit.
476 4343 550 4415 virg.
568 4361 594 4414 9.
613 4371 646 4382 -
668 4345 688 4414 1)
707 4345 768 4414 634,
786 4361 819 4398 21
840 4361 886 4414 ep.
904 4359 947 4414 55,
967 4358 1008 4413 15.
1026 4373 1060 4382 -
1078 4343 1099 4412 1)
1118 4343 1135 4397 1.
1155 4359 1192 4396 m.
1212 4360 1235 4397 c.
1256 4372 1289 4382 —

93 4434 113 4500 1)
133 4432 193 4501 798,
213 4447 245 4501 15
274 4447 320 4499 ep.
340 4447 382 4502 73,
401 4433 444 4484 26.
472 4461 506 4470 -
533 4431 554 4500 1)
577 4431 669 4500 176,7
697 4430 802 4486 testim.
823 4430 875 4500 lll,
899 4447 942 4501 93,
962 4430 1097 4501 dagegen
1125 4430 1214 4484 lautet
1241 4428 1289 4484 die

94 4535 143 4572 ser
161 4535 231 4572 vers
248 4520 309 4586 218,
337 4535 372 4572 2ο
393 4519 430 4572 de
450 4517 552 4572 cathol.
572 4517 643 4572 eccl.
662 4516 719 4571 uni.
741 4535 786 4572 10:
814 4526 930 4589 oportet
948 4526 978 4573 et
996 4517 1137 4573 haereses
1155 4533 1232 4586 esse,
1259 4524 1290 4570 ut

96 4605 211 4676 probati
230 4605 378 4661 manifesti
397 4605 501 4662 sintin
520 4604 612 4661 vobis
