3198 5048
784 347 992 451 Q

582 560 768 668 Epistola
796 561 848 651 ad
880 559 1124 650 Gorinthios
1156 555 1193 650 ΙΙ.

440 826 708 912 Cyprianus
1096 825 1306 910 Vulgata

493 1053 579 1138 Cap.
604 1054 667 1122 III.

359 1178 394 1224 v.
412 1158 464 1222 14.
489 1158 664 1224 Obtunsi
687 1161 768 1221 sunt
791 1175 867 1221 sen·
922 1158 1036 1223 obtusi

294 1282 353 1328 sus
376 1281 500 1328 eorum
522 1262 660 1344 usque*
683 1261 719 1324 in
757 1260 867 1323 hune
921 1261 1051 1326 *enirn
1138 1263 1346 1328 hodiernum

295 1368 388 1434 diem
410 1367 695 1446 hoeeodem‚
736 1366 867 1429 vela·
922 1365 957 1429 id
980 1366 1094 1448 ipsum
1118 1367 1284 1433 velamen
1385 1406 1388 1411 -

295 1476 431 1537 mento
468 1471 504 1536 in
538 1471 690 1536 lectione
733 1469 867 1533 veteris

298 1577 502 1642 testamenti
524 1579 735 1654 manente,
761 1573 867 1655 quod
920 1580 1042 1640 munet
1065 1595 1136 1642 non
1158 1578 1367 1658 revelatum,

296 1701 378 1748 non
417 1682 655 1762 revelatur,
701 1677 795 1760 quia
826 1676 867 1740 in
964 1681 1129 1763 quoniam

297 1784 435 1851 Christo
455 1791 667 1864 evacuatur;

313 1884 322 1902 '
364 1891 414 1956 15.
460 1894 505 1954 et
536 1906 646 1970 usque
669 1887 705 1951 in
728 1886 866 1952 hodier-
922 1890 985 1956 sed

298 2013 383 2059 num
405 1994 431 2074 *‚
474 1993 502 2056 si
535 1992 697 2076 quando
738 1993 868 2074 legitur
924 1996 1059 2060 *diem
1148 2011 1228 2058 cum
1586 1956 1587 2042 Ι

300 2100 451 2180 Moyses,
486 2095 688 2160 velamen*
725 2102 779 2162 est
815 2117 868 2161 su·
925 2100 1118 2182 *positum
1587 2140 1588 2178 ,

300 2221 364 2288 per
387 2219 449 2266 cor
471 2218 603 2266 corum.
1587 2211 1588 2220 ¹

366 2305 415 2373 16.
460 2323 551 2370 mox
596 2307 735 2368 autem
772 2323 869 2369 eon-
923 2328 1002 2375 cum
1027 2317 1146 2374 autern
1169 2326 1362 2373 conversus
1389 2309 1493 2374 fuerit
1588 2322 1589 2358 t

299 2428 450 2476 versus
473 2414 536 2474 est
558 2408 608 2472 ad
632 2407 869 2489 Dominum,
967 2415 1014 2479 ad
1037 2413 1079 2481 D,

303 2517 483 2581 auferetur
505 2515 680 2578 uelamen.
701 2510 724 2594 ¹)

508 2670 593 2753 Cup.
618 2669 659 2734 V.

365 2797 399 2844 v.
421 2777 471 2844 10.
496 2774 648 2840 omnes*
673 2790 737 2837 nos
760 2770 869 2836 mani·
928 2780 945 2816 *
970 2781 1063 2844 enim

301 2881 424 2946 festari
447 2883 585 2965 oportet
608 2882 691 2941 ante
716 2876 872 2940 tribunal

303 2983 447 3063 Christi,
471 2987 510 3046 ut
532 2984 748 3064 reportet
771 2998 873 3044 unus-
927 2991 1060 3055 referat

306 3088 452 3171 quisque
476 3086 537 3150 sui
569 3086 759 3167 corporis
782 3103 872 3169 pro·
927 3095 1072 3179 propria,
1096 3090 1254 3174 corporis

303 3189 871 3276 priaseeundum‚quaeegit,
927 3203 1030 3281 prout
1053 3199 1162 3278 gessit

306 3296 383 3360 sive
406 3296 545 3375 bona,
570 3293 646 3358 sive
669 3291 829 3373 mala.²)
928 3304 1066 3381 bonum,
1154 3301 1286 3366 malum

368 3418 403 3463 v.
430 3399 479 3464 15.
514 3416 577 3482 pro
602 3397 761 3461 omnibus
783 3413 874 3458 mor-

304 3509 384 3570 tuus
407 3502 501 3583 est*
526 3507 564 3566 ut
592 3507 627 3566 et
656 3500 716 3583 qui
738 3499 874 3579 vivunt,
930 3515 946 3551 u
971 3513 1130 3578 christus

304 3610 376 3674 iarn
416 3627 486 3672 non
525 3607 590 3671 sibi
627 3607 772 3686 vivant,
813 3605 875 3670 sed

306 3713 406 3793 illi,
431 3712 490 3794 qui
516 3729 580 3795 pro
614 3710 684 3775 ets
718 3715 876 3774 mortuus
930 3724 972 3806 01,
1060 3721 1146 3805 ipsis

306 3824 360 3884 est
383 3823 418 3882 et
441 3816 644 3882 resurrexit.
662 3813 686 3895 ³)

485 3971 570 4054 Cap.
594 3971 688 4035 VIII.

372 4093 876 4174 v.12.si*voluntaspr0mpta
932 4087 1067 4153 *enim

309 4206 383 4282 est,
429 4198 622 4264 secundum
649 4195 877 4278 'quodeun-
931 4195 967 4258 in
986 4192 1078 4276 quod

309 4325 389 4388 que
424 4303 634 4382 habuerit,
672 4305 875 4383 accepta·
931 4297 1049 4377 habet,
1073 4298 1224 4377 accepta

413 4477 434 4544 ¹)
453 4491 495 4546 42,
514 4491 549 4528 20
566 4473 671 4528 testim.
690 4471 710 4540 1,
728 4490 752 4539 4.
780 4501 814 4510 -
843 4474 863 4539 Ι)
882 4471 925 4539 96,
946 4487 975 4524 11
996 4479 1059 4524 test.
1080 4469 1113 4535 11,
1131 4469 1166 4522 28
1184 4466 1243 4521 und
1264 4481 1321 4536 157,
1342 4481 1357 4534 7
1376 4471 1440 4518 test.
1455 4461 1502 4532 111,

309 4565 352 4634 56.
370 4593 403 4602 -
422 4564 443 4632 ⁸)
460 4579 522 4632 327,
539 4578 574 4631 23
592 4562 628 4614 de
648 4561 794 4614 Fortunat.
813 4560 838 4611 6.
