3198 5048
232 648 506 736 Cyprianus

893 647 1103 731 Vulgata

1144 795 1286 806 -..,--.-ι-

90 877 427 958 supervinoimus
465 894 547 960 pro
592 894 661 958 ee,
717 894 925 961 superamus
948 883 1095 963 propter
1119 895 1209 942 eum.

90 981 151 1063 qui
174 980 298 1045 dilexit
320 1000 393 1047 nos.
412 980 435 1062 ¹)

290 1136 375 1222 Cap.
399 1137 461 1205 IX.

155 1259 191 1304 v.
206 1239 236 1307 3.
273 1241 472 1325 optabam*
498 1260 563 1324 ego
586 1241 661 1326 ipse
716 1243 879 1326 optabam
904 1241 1039 1308 *enim

89 1344 283 1410 anathema
335 1364 412 1411 esse
456 1365 478 1410 a
523 1345 662 1412 Christo

88 1455 289 1534 propter
311 1452 440 1517 fratres
463 1470 569 1534 meos
602 1451 661 1534 qui
715 1471 778 1535 pro
801 1451 969 1516 fratribus
992 1449 1079 1514 meis

88 1559 172 1620 sunt
229 1557 413 1639 cognati*
468 1556 661 1622 seeundum
717 1557 828 1622 *mei

89 1675 246 1741 carnem,

154 1762 185 1828 4.
232 1763 291 1845 qui
335 1767 416 1828 sunt
460 1763 660 1845 Israelitae,

91 1882 239 1947 quorum
293 1866 435 1950 adoptio
486 1869 580 1933 est*
626 1873 661 1933 et
718 1869 909 1933 *filiorum
933 1873 968 1932 et
990 1865 1103 1950 gloria

89 1969 270 2034 claritas
294 1975 330 2035 et
352 1975 603 2038 testamentum
626 1977 662 2038 et

88 2075 198 2157 legis
221 2077 478 2142 constitutio
502 2079 661 2142 etiamn·
715 2076 891 2160 legislatio
935 2078 971 2140 et
1009 2074 1214 2158 obsequium
1251 2077 1287 2136 et

88 2180 181 2244 latus
205 2185 240 2245 et
263 2181 520 2264 promissiones
758 2181 932 2266 promissa

154 2285 184 2349 5.
222 2305 369 2368 quorum
392 2292 512 2370 patres
545 2291 580 2353 et
603 2305 658 2369 ex,

89 2389 243 2470 quibus*
267 2388 425 2456 Christus
465 2392 658 2456 seeundum
717 2392 812 2456 *est

88 2509 247 2574 earnem,
272 2495 331 2576 qui
354 2500 407 2559 est
422 2513 527 2578 super
542 2495 660 2566 omnia

88 2596 184 2663 Deus
202 2597 409 2663 benedictus
421 2599 456 2662 in
477 2596 658 2678 saecula.²)
714 2601 869 2682 saecula,
893 2601 1017 2665 Amen.

289 2752 372 2838 Cap.
398 2755 460 2820 XI.

152 2855 251 2924 uno.
285 2858 365 2922 Noli
388 2859 499 2926 altum
523 2877 659 2942 sapere,

89 2963 152 3028 sed
175 2963 260 3036 time

152 3063 205 3136 21.
229 3065 258 3130 si
286 3067 379 3131 enim
402 3067 497 3132 Deus
520 3073 661 3133 natura-

87 3171 181 3235 libus
198 3171 306 3236 ramis
329 3191 398 3235 non
421 3173 591 3256 pepercit,
615 3193 660 3239 ne

86 3277 178 3341 sorte
201 3295 268 3342 neo
291 3277 355 3340 tibi
378 3282 514 3360 pareat.
535 3276 563 3363 ³)
714 3296 781 3342 neo

80 3413 83 3419 ·
151 3397 186 3447 v.
209 3379 263 3446 33.
312 3379 340 3447 Ο
382 3382 530 3446 altitudo
572 3381 658 3445 divi-

86 3485 216 3550 tiarum
235 3491 270 3550 et
285 3487 482 3569 sapientiae
498 3491 533 3552 et
549 3487 659 3552 soien-

86 3589 158 3653 tlae
181 3589 265 3654 Dei!
290 3609 396 3672 quarn
429 3591 658 3656 inexoru-
713 3584 1084 3672 incomprehensibilia

86 3695 237 3758 labilia
260 3700 341 3759 sunt
363 3695 494 3760 iudicia
517 3696 601 3773 eius
623 3703 658 3762 et

86 3797 352 3880 investigabiles
374 3800 456 3864 viae
480 3800 572 3864 eius!

191 3940 210 4006 ¹)
232 3940 290 4006 138,
309 3939 327 3992 8
345 3947 407 3992 test.
428 3938 475 4006 ΙΙΙ,
496 3940 537 4007 18,
569 3939 711 3994 wahrend
729 3941 790 4010 560,
811 3956 843 4007 14
861 3954 908 4007 ep.
926 3952 970 4004 31,
992 3953 1008 4003 4
1031 3941 1100 3988 statt
1128 3929 1281 3986 mortifica·

87 4024 375 4093 muninterficimur,
394 4025 439 4078 fiir
461 4027 894 4096 supervincimus:superamus
912 4024 978 4076 liest
998 4023 1055 4076 und
1073 4030 1141 4076 st'att
1159 4037 1215 4091 pro
1234 4034 1283 4072 eo:

87 4121 210 4184 propter
228 4129 296 4166 eum
315 4113 373 4178 hat,
388 4112 532 4167 wahrend
551 4115 587 4168 ad
603 4113 871 4182 Fortunat.6—327,
897 4109 988 4164 {tillir
1007 4117 1104 4163 mort:
1115 4107 1283 4175 occidimur,

88 4199 132 4253 sur
151 4199 224 4254 ocis:
244 4199 390 4267 victimae,
408 4199 483 4254 auch
501 4217 677 4271 superamus
696 4201 757 4270 hat,
781 4200 852 4254 aber
872 4216 926 4269 pro
946 4215 981 4251 eo
1000 4196 1074 4250 liest.
1093 4227 1128 4235 -
1146 4196 1167 4263 Ἰ
1187 4213 1230 4266 70,
1251 4213 1283 4265 13

86 4285 190 4342 testim.
209 4286 244 4356 ΙΙ,
262 4288 287 4339 6.
299 4304 326 4340 ν.
342 4304 360 4356 3
378 4286 469 4340 findet
486 4286 548 4341 sich
568 4290 675 4358 180,19
692 4298 754 4342 test.
770 4288 814 4357 ΙΙΙ,
826 4304 883 4357 107,
903 4302 957 4339 nur
977 4284 1053 4340 steht
1071 4292 1139 4338 statt
1156 4292 1278 4354 propter

87 4389 148 4441 pro.
177 4406 211 4414 -
239 4378 258 4443 ³)
281 4392 339 4446 117,
357 4391 389 4428 21
410 4383 466 4430 test
495 4375 537 4442 ΙΙΙ,
557 4391 582 4446 5,
600 4393 646 4446 ep.
669 4393 710 4446 13,
728 4393 759 4447 43
787 4392 847 4446 507,
865 4392 883 4445 5
900 4375 964 4428 hat:
992 4372 1047 4427 noli
1068 4373 1156 4426 altum
1175 4387 1282 4442 sapere

86 4461 139 4515 sed
157 4462 226 4517 time
232 4479 240 4530 ;
258 4462 371 4518 sienim
383 4462 525 4520 Dominus
544 4465 724 4518 naturalibus
742 4464 833 4518 ramis
852 4481 909 4518 non
930 4460 1071 4532 pepercit,
1089 4477 1125 4513 ne
1139 4459 1213 4513 sorte
1228 4477 1282 4513 nec

87 4546 135 4602 tibi
154 4558 265 4621 parcat.
