3236 5056
274 632 545 722 Cyprianus
939 631 1144 737 Vulgata

197 879 231 929 v.
249 859 302 927 25.
325 863 408 944 quid
423 863 516 928 enim
534 865 704 947 prodest
758 862 897 944 proficit
915 862 1030 943 homo,
1045 862 1074 926 si
1087 861 1326 925 lucreturuni-

132 965 285 1048 homini,
326 967 355 1030 si
391 971 521 1032 totum
562 966 703 1033 orbem
801 985 944 1031 uersum
958 967 1136 1046 muudum,
1156 983 1194 1030 se
1208 968 1327 1028 autem

128 1071 299 1152 lucretur,
337 1077 376 1136 et
408 1071 571 1137 animae
602 1091 703 1138 suae
802 1071 916 1154 ipsum
939 1071 1067 1153 perdat
1086 1075 1121 1135 et
1141 1068 1327 1134 detrimen-

128 1173 427 1242 detrimentum
450 1177 702 1264 patiatur?¹)
800 1181 873 1239 tum
898 1173 951 1238 sui
974 1173 1108 1238 faciat?

195 1296 230 1341 11.
253 1278 306 1344 48.
353 1279 412 1362 qui
448 1279 611 1346 minimus
649 1289 703 1348 est
757 1280 815 1363 qui
839 1279 952 1343 minor
975 1283 1028 1344 est
1055 1279 1147 1342 inter
1170 1295 1234 1341 vos
1257 1296 1326 1343 om-

128 1380 167 1444 in
202 1381 362 1446 omnibus
396 1384 513 1465 vobis,
545 1384 604 1448 hic
636 1387 702 1450 erit
799 1401 872 1464 nes,
895 1383 953 1446 hic
976 1382 1089 1446 maior
1111 1386 1173 1450 est.

129 1502 291 1566 magnus,
308 1485 337 1573 2)

196 1607 230 1655 v.
251 1589 302 1656 56.
344 1593 436 1656 lilius
458 1593 608 1657 hominis
631 1613 700 1659 uon

128 1693 608 1762 venitanimashominum
624 1720 700 1784 per·
726 1632 729 1788 i
755 1695 933 1760 hominum
957 1696 1045 1760 fehlt

129 1797 227 1878 dere,
250 1801 312 1864 sed
336 1802 489 1867 salvare.
504 1803 532 1890 ³)
726 1791 728 1919 4

194 1920 228 1966 v.
253 1901 304 1966 62.
350 1921 452 1968 nemo
484 1906 700 1990 imponens
754 1904 896 1968 mittens

128 2023 270 2069 manum
321 2025 420 2072 suam
465 2009 505 2072 in
559 2018 699 2078 aratro
755 2008 801 2070 ad
824 2012 984 2072 aratrum
1007 2011 1042 2072 et

128 2109 325 2191 respiciens
361 2117 471 2194 retro,
510 2121 613 2198 aptus
648 2123 701 2182 est

127 2231 238 2295 regno
262 2215 339 2280 Dei.
355 2215 383 2302 ⁴)

338 2319 422 2404 Cap.
447 2323 490 2389 X.

193 2441 228 2488 v.
253 2422 304 2490 16.
351 2425 410 2506 qui
450 2428 568 2492 audit
608 2448 698 2512 vos,
753 2443 818 2489 vos
842 2425 939 2490 audit

128 2544 187 2590 me
202 2526 352 2593 auditet
371 2549 475 2608 euim,
499 2533 568 2614 qui
586 2534 700 2599 misit
754 2533 789 2594 et
812 2548 891 2594 eum
914 2530 973 2612 qui
996 2528 1090 2592 misit
1112 2547 1170 2592 me
1192 2527 1280 2591 fehlt

126 2647 194 2694 me
218 2633 335 2714 etqui
369 2635 497 2699 reicit
532 2655 605 2719 vos,
643 2659 699 2704 me
752 2635 1117 2717 vosspornit,mesp.;
1136 2633 1324 2716 quiautcm

126 2732 231 2798 reicit
245 2739 280 2799 et
292 2756 381 2820 eum,
401 2739 460 2821 qui
475 2759 531 2805 mc
546 2742 649 2810 misit.
666 2743 690 2824 5)
795 2757 852 2802 mc
884 2737 1028 2820 spernit,
1067 2737 1202 2820 spernit
1234 2755 1323 2818 eum,

328 2841 414 2926 Cap.
437 2843 499 2908 XI.
796 2842 855 2924 qui
877 2842 971 2906 misit
992 2861 1057 2906 me.

193 2960 227 3009 V.
241 2941 293 3009 23.
318 2946 376 3026 qui
395 2965 465 3010 non
482 2952 534 3011 est
550 2967 698 3034 mecum,

126 3045 337 3113 adversus
352 3069 409 3115 me
428 3056 490 3132 est,
508 3057 542 3117 et
557 3055 697 3136 quinon
753 3055 877 3115 contra

125 3169 266 3216 mecum
287 3153 468 3234 colligit,
487 3159 696 3240 spargit.⁶t
751 3154 863 3220 Stell.:
889 3152 1023 3234 colligit
1046 3171 1090 3216 m.
1152 3151 1322 3234 dispergit

192 3273 226 3321 v.
250 3254 303 3320 40.
328 3257 387 3338 qui
409 3259 503 3340 fecit,
528 3261 620 3343 quod
644 3268 697 3327 est
750 3259 847 3333 stulti
870 3276 985 3322 nonne
1014 3257 1073 3339 qui
1104 3257 1198 3338 fecit,
1231 3255 1323 3338 quod

125 3357 230 3442 intus,
253 3360 338 3424 fecit
361 3366 396 3426 et
419 3365 512 3445 quod
534 3365 618 3430 foris
633 3373 696 3434 est.
794 3363 923 3428 deforis
943 3370 1005 3444 est,
1030 3363 1205 3443 etiamid,
1230 3362 1322 3444 quod

793 3469 931 3534 deintus
956 3473 1019 3548 est,
1042 3468 1151 3532 fecit?

192 3587 226 3633 u.
251 3571 303 3634 41.
347 3589 475 3635 verum*
496 3574 579 3639 date
607 3575 696 3640 elee-
749 3579 995 3637 verumtamen
1026 3573 1119 3656 quod
1151 3576 1322 3656 superest,

124 3690 312 3754 mosynam
335 3680 370 3740 et
393 3693 478 3741 ecce
501 3678 602 3742 vobis
627 3698 696 3742 cm·
792 3678 874 3742 date
898 3677 1160 3758 eleemosynam
1183 3681 1217 3740 et
1237 3693 1322 3740 ecoe

124 3776 186 3840 nia
209 3781 350 3848 munda.
367 3781 395 3866 ⁷)
794 3781 912 3845 omnia
944 3782 1076 3846 munda
1107 3785 1188 3846 sunt
1210 3781 1321 3845 vobis.

231 3917 250 3984 ¹)
272 3919 330 3989 165,
349 3937 366 3990 5
384 3920 489 3974 testim.
510 3920 556 3989 ΙΙΙ,
573 3921 615 3976 61.
642 3951 676 3960 —
703 3923 723 3988 ²)
750 3937 808 3990 117,
833 3937 866 3990 19
884 3918 989 3974 testim.
1010 3918 1054 3988 ΙΙΙ,
1072 3935 1102 3989 5;
1130 3919 1241 3974 ebenso
1260 3935 1320 3989 425,

127 4020 160 4074 14
179 4004 216 4059 de
235 4006 298 4060 zelo
317 4015 346 4062 et
364 4008 379 4062 Ι.
402 4025 443 4076 1ο,
471 4025 519 4062 wo
537 4017 606 4062 statt
633 4017 678 4062 est
704 4007 782 4062 steht
799 4006 894 4076 fuerit,
922 4023 985 4061 was
1003 4007 1077 4061 auch
1094 4022 1155 4076 507,
1185 4009 1218 4061 18
1236 4006 1320 4078 epist.

126 4107 168 4162 13,
187 4111 204 4162 4
223 4093 278 4147 hat.
298 4125 329 4134 -
348 4095 369 4164 ³)
388 4098 447 4166 718,
465 4113 484 4165 9
502 4095 585 4166 epist.
604 4096 647 4165 64,
664 4113 689 4150 2.
709 4125 742 4133 -—
766 4095 787 4163 ⁴)
809 4111 867 4164 123,
888 4112 900 4148 1
921 4093 1026 4148 testim.
1045 4093 1091 4162 ΙΙΙ,
1111 4111 1157 4161 11;
1185 4094 1321 4164 dagegen

125 4196 214 4233 nemo
243 4189 324 4235 retro
351 4182 513 4237 adtendeus
541 4191 569 4236 et
597 4199 712 4253 ponens
740 4199 859 4236 manum
888 4199 971 4236 suam
998 4198 1088 4252 super
1115 4189 1246 4236 aratrum
1265 4189 1320 4234 etc.

123 4268 185 4336 328,
203 4283 239 4320 20
256 4268 293 4322 ad
316 4268 432 4323 Fortun.
451 4287 475 4340 7.
503 4299 534 4308 -
563 4269 864 4340 ι)671,11141ἰ51.59,
887 4286 917 4338 4;
948 4271 1082 4339 dagegen
1102 4268 1193 4322 heisst
1211 4285 1243 4322 es
1262 4285 1322 4338 729,

123 4371 160 4408 20
178 4353 263 4424 epist.
281 4355 325 4418 66,
343 4373 372 4422 4:
401 4356 449 4426 qui
468 4357 548 4412 audit
565 4373 628 4426 vos,
657 4373 705 4410 me
723 4356 811 4423 audit,
839 4356 936 4426 etqui
960 4373 1008 4410 me
1027 4356 1114 4425 audit,
1144 4355 1224 4410 audit
1242 4373 1318 4419 eum,

128 4439 176 4510 qui
196 4457 244 4494 me
263 4441 350 4510 misit,
378 4451 406 4496 et
426 4443 474 4512 qui
493 4443 576 4497 reicit
595 4461 657 4508 vos
684 4461 732 4498 me
756 4443 840 4498 reicit
868 4452 897 4497 et
922 4461 998 4513 eum,
1026 4443 1073 4512 qui
1100 4461 1148 4498 me
1171 4443 1256 4497 misit.
1288 4473 1320 4481 —·

128 4530 150 4594 ⁸)
172 4544 232 4598 750,
253 4546 265 4581 1
287 4529 363 4598 epist
389 4531 433 4598 69,
454 4546 483 4598 15
502 4531 594 4600 desgl.
614 4548 673 4600 770,
691 4547 709 4599 3
727 4529 810 4600 epist.
830 4547 898 4600 70,3
917 4548 942 4584 u.
961 4532 1025 4598 820,
1046 4548 1057 4584 1
1079 4529 1163 4600 epist.
1183 4546 1275 4600 75,14.
1289 4560 1323 4570 -

125 4617 145 4680 ’,ι
170 4631 226 4684 113,
245 4632 262 4668 2
281 4615 385 4669 testim.
405 4616 452 4686 ΙΙΙ,
474 4635 502 4684 13
522 4617 632 4671 ebenso
649 4634 711 4687 374,
731 4635 763 4687 14
781 4618 818 4672 de
836 4635 884 4688 op.
904 4627 933 4672 et
951 4617 1004 4672 ele.
1023 4635 1048 4670 2.
