3236 5056
434 658 705 744 Cyprianus

289 886 858 968 quoniamviduaistassom-
913 888 995 970 quia
1061 887 1152 951 haec
1219 888 1488 972 *pauperplus

289 991 411 1055 nibus
434 992 526 1073 plus
550 990 662 1053 misit
685 990 724 1053 in
749 992 858 1054 dona
955 1010 1061 1073 quam
1084 1010 1206 1055 omnes
1230 992 1325 1056 misit

291 1095 386 1162 Dei.
883 1160 886 1191 ÷
911 1094 946 1158 in
970 1095 1064 1159 dona
1087 1095 1153 1160 Dei
1176 1097 1264 1159 fehlt

355 1217 388 1264 v.
415 1198 447 1262 4.
492 1217 612 1262 omnes
644 1199 749 1261 enim
785 1199 858 1262 isti
883 1234 886 1275 ;
911 1217 994 1262 nam
1081 1201 1118 1268 hi

289 1322 335 1368 cx
375 1322 437 1384 eo,
477 1302 585 1383 quod
621 1304 858 1367 abundavit
883 1368 886 1385 ,
911 1303 1107 1367 abundanti
1128 1303 1194 1367 sibi

289 1406 378 1470 illis
401 1406 572 1478 miserunt
593 1407 628 1470 in
653 1409 762 1472 dona
780 1408 856 1472 Dei.
883 1402 886 1509 ξ
911 1425 1059 1471 munera

288 1509 380 1574 haec
402 1517 520 1574 autem
544 1513 593 1576 de
616 1513 760 1595 inopia
783 1530 858 1576 sua
883 1516 886 1581 l
912 1530 956 1576 ex
975 1530 1027 1592 e0‚
1047 1514 1139 1594 quod
1155 1514 1252 1577 deest
1267 1513 1328 1594 illi,
1341 1532 1484 1578 omnem

289 1631 451 1678 omnem
476 1634 762 1698 quemcunque
784 1617 863 1714 ha}
883 1584 886 1637 Ι
954 1616 1209 1699 victumsuum,
1227 1618 1483 1700 quemhabuit‚

288 1719 376 1783 buit
397 1719 555 1782 victum
578 1720 702 1786 misit.
721 1720 747 1805 ¹)
954 1721 1057 1790 misit.

353 1842 386 1890 v.
404 1824 451 1888 14,
475 1824 593 1906 ponite
606 1824 623 1861 ³⁶
638 1825 673 1887 in
693 1826 858 1890 cordibus
913 1824 931 1862 *
955 1843 1040 1906 ergo

288 1929 417 1993 vestris
474 1947 544 1992 non
605 1928 858 2012 praemeditari

289 2049 511 2097 excusare.
911 2033 1204 2114 quemadmodum
1236 2034 1483 2116 respondeatis

353 2153 387 2201 v.
413 2135 463 2200 15.
510 2152 575 2216 ego
620 2135 713 2199 enim
765 2137 857 2200 dabo

289 2237 390 2301 vobis
414 2255 452 2300 os
475 2245 511 2303 et
542 2240 768 2324 sapientiam,
800 2241 857 2306 cui

288 2361 359 2407 non
392 2343 557 2426 possint
579 2343 777 2409 resistere*
797 2346 857 2410 ad·
910 2348 1075 2426 poterunt
1135 2345 1152 2383 *
1176 2351 1211 2410 et
1233 2347 1482 2412 contradicere

288 2448 486 2513 adversarii
509 2449 619 2513 vestri
629 2447 658 2533 ²)
954 2468 1074 2514 omnes
1097 2468 1129 2516 a.
1153 2467 1187 2515 r.

356 2573 391 2618 v.
412 2553 462 2619 17.
501 2559 536 2618 et
559 2554 656 2618 eritis
680 2552 857 2616 odibiles
911 2552 990 2616 odio

289 2658 448 2722 omnibus
514 2662 659 2739 propter
730 2676 858 2722 nomen

289 2782 414 2829 meum.
435 2761 464 2848 3)

354 2885 389 2932 v.
413 2866 465 2932 31.
512 2884 591 2929 curn
629 2870 770 2929 autem
805 2867 857 2929 vi·
910 2867 1029 2928 autem
1052 2864 1138 2928 fehlt

288 2971 410 3037 deritis
454 2970 545 3033 haec
592 2970 722 3033 omnia
766 2971 856 3052 fieri,
911 2967 1028 3031 omnic
1050 2968 1138 3032 fehlt

287 3075 422 3156 scitote,
433 3074 598 3156 quoniam
613 3075 649 3138 in
664 3076 858 3157 proximo
910 3090 1021 3156 prope

288 3183 342 3243 est
364 3195 512 3259 rognum
535 3178 611 3244 Dei.
629 3176 658 3262 4)

459 3350 543 3435 Cap.
568 3353 682 3416 XXII.
845 3423 847 3428 ,

352 3493 386 3542 v.
404 3473 455 3541 31.
480 3473 588 3539 dixit
607 3480 725 3538 autern
741 3473 857 3537 Domi·
911 3471 961 3536 ait

288 3599 353 3644 nus
377 3581 423 3645 ud
446 3561 662 3644 Petrum*
687 3595 773 3643 ecce
804 3597 857 3642 sa·
909 3575 1051 3640 Petrum
1063 3575 1151 3639 fehlt
1192 3573 1478 3656 *Simon‚Simon
1525 3647 1528 3651 ,
1599 3619 1600 3622 =

288 3687 391 3748 tonas
419 3683 675 3766 postulavit,
714 3687 759 3747 ut
782 3702 856 3747 vos
910 3679 1083 3762 expetivit
1120 3697 1195 3759 vos,
1233 3684 1271 3744 ut
1302 3679 1478 3746 cribraret
1599 3673 1600 3704 Τ

288 3791 491 3868 vexaret,
526 3790 727 3872 quomodo
780 3788 855 3853 tri·
952 3783 1043 3848 sicut
1065 3783 1220 3848 triticum

287 3891 451 3973 ticum,

352 4016 386 4064 u.
408 3995 460 4063 32.
498 4016 563 4081 ego
588 4002 706 4064 autem
729 3996 856 4081 rogavi

287 4105 479 4186 pruteno,
497 4101 639 4166 deficiat
653 4103 740 4168 fides
750 4101 853 4188 tuc.⁵)
908 4102 947 4163 ut
970 4115 1040 4161 non

393 4311 411 4378 ¹)
430 4311 489 4380 385,
508 4325 526 4379 3
544 4309 581 4363 de
600 4325 646 4379 op.
667 4316 696 4362 et
713 4307 766 4362 ele.
788 4323 828 4378 15.
853 4337 883 4344 -
907 4308 927 4376 ²)
947 4320 1008 4374 333,
1029 4319 1061 4375 17
1079 4302 1117 4357 ad
1134 4301 1280 4357 Fortunat.
1302 4318 1342 4355 10.
1378 4301 1476 4372 Desgl.

286 4400 347 4469 832,
375 4417 391 4468 4
419 4397 501 4468 epist.
530 4398 573 4468 76,
600 4412 624 4467 5.
653 4424 686 4434 ··
712 4398 733 4463 ⁸)
756 4395 864 4464 142,18
890 4392 995 4448 testim.
1021 4390 1065 4460 ΙΙΙ,
1082 4406 1124 4460 29.
1155 4420 1187 4430 -
1214 4390 1234 4456 ⁴)
1265 4389 1302 4442 de
1321 4389 1434 4444 mortal.
1451 4406 1476 4457 2,

288 4478 1474 4558 ρ.298,6.·-“)499,12ερ131.11,5;11εάο111111.01112311128825211·

287 4573 416 4645 sangend
435 4571 487 4626 mit
505 4587 588 4639 ecce;
606 4569 679 4625 doch
698 4570 774 4623 steht
792 4567 837 4622 sllr
856 4566 1025 4640 postulavit:
1044 4564 1217 4636 postulabat.
